<?xml version="1.0" encoding="UTF-8"?>
<!DOCTYPE html PUBLIC "-//W3C//DTD XHTML 1.0 Transitional//EN"
    "http://www.w3.org/TR/xhtml1/DTD/xhtml1-transitional.dtd">
<html xmlns="http://www.w3.org/1999/xhtml" xml:lang="en" lang="en">
 <head>
  <title>
</title>
<meta http-equiv="Content-Type" content="text/html;charset=utf-8" />
  <meta name='ocr-system' content='tesseract 3.04.00' />
  <meta name='ocr-capabilities' content='ocr_page ocr_carea ocr_par ocr_line ocrx_word'/>
</head>
<body>
  <div class='ocr_page' id='page_1' title='image "./scaenicaeromano01ribbuoft_0275.png"; bbox 0 0 2294 3844; ppageno 0'>
   <div class='ocr_carea' id='block_1_1' title="bbox 985 268 2084 319">
    <p class='ocr_par' dir='ltr' id='par_1_1' title="bbox 985 268 2084 319">
     <span class='ocr_line' id='line_1_1' title="bbox 985 268 2084 319; baseline 0.008 -9"><span class='ocrx_word' id='word_1_1' title='bbox 985 272 1036 314; x_wconf 87' lang='lat' dir='ltr'>L.</span> <span class='ocrx_word' id='word_1_2' title='bbox 1069 270 1282 312; x_wconf 78' lang='lat' dir='ltr'>ATTIVs</span> <span class='ocrx_word' id='word_1_3' title='bbox 1983 268 2084 319; x_wconf 78' lang='lat'>175</span> 
     </span>
    </p>
   </div>
   <div class='ocr_carea' id='block_1_2' title="bbox 179 400 1255 565">
    <p class='ocr_par' dir='ltr' id='par_1_2' title="bbox 179 400 1255 565">
     <span class='ocr_line' id='line_1_2' title="bbox 179 400 540 470; baseline -0.006 -16"><span class='ocrx_word' id='word_1_4' title='bbox 179 402 285 454; x_wconf 68' lang='lat'>5295</span> <span class='ocrx_word' id='word_1_5' title='bbox 327 400 540 470; x_wconf 60' lang='lat' dir='ltr'>Capiti?</span> 
     </span>
     <span class='ocr_line' id='line_1_3' title="bbox 998 493 1255 565; baseline -0.004 -18"><span class='ocrx_word' id='word_1_6' title='bbox 998 494 1130 547; x_wconf 72' lang='lat' dir='ltr'>vm</span> <span class='ocrx_word' id='word_1_7' title='bbox 1173 493 1255 565; x_wconf 71' lang='lat'>(2)</span> 
     </span>
    </p>
   </div>
   <div class='ocr_carea' id='block_1_3' title="bbox 324 588 2085 661">
    <p class='ocr_par' dir='ltr' id='par_1_3' title="bbox 324 588 2085 661">
     <span class='ocr_line' id='line_1_4' title="bbox 324 588 2085 661; baseline -0.002 -17"><span class='ocrx_word' id='word_1_8' title='bbox 324 591 569 661; x_wconf 65' lang='lat' dir='ltr'>Szipimus</span> <span class='ocrx_word' id='word_1_9' title='bbox 619 592 820 659; x_wconf 71' lang='lat' dir='ltr'>animo,</span> <span class='ocrx_word' id='word_1_10' title='bbox 866 590 1093 642; x_wconf 72' lang='lat' dir='ltr'>fruimur</span> <span class='ocrx_word' id='word_1_11' title='bbox 1140 591 1339 641; x_wconf 77' lang='lat' dir='ltr'>anima:</span> <span class='ocrx_word' id='word_1_12' title='bbox 1390 588 1503 640; x_wconf 69' lang='lat' dir='ltr'>sine</span> <span class='ocrx_word' id='word_1_13' title='bbox 1553 590 1731 641; x_wconf 81' lang='lat' dir='ltr'>animo</span> <span class='ocrx_word' id='word_1_14' title='bbox 1783 591 1961 641; x_wconf 73' lang='lat' dir='ltr'>anima</span> <span class='ocrx_word' id='word_1_15' title='bbox 2001 594 2085 642; x_wconf 73' lang='lat' dir='ltr'>est</span> 
     </span>
    </p>
   </div>
   <div class='ocr_carea' id='block_1_4' title="bbox 322 686 2084 1243">
    <p class='ocr_par' dir='ltr' id='par_1_4' title="bbox 322 686 2084 1243">
     <span class='ocr_line' id='line_1_5' title="bbox 1509 686 1711 737; baseline 0 -1"><span class='ocrx_word' id='word_1_16' title='bbox 1509 686 1711 737; x_wconf 68' lang='lat' dir='ltr'>debilis.</span> 
     </span>
     <span class='ocr_line' id='line_1_6' title="bbox 322 879 2083 950; baseline -0.002 -17"><span class='ocrx_word' id='word_1_17' title='bbox 322 880 498 950; x_wconf 81' lang='lat' dir='ltr'>&#39;Apud</span> <span class='ocrx_word' id='word_1_18' title='bbox 547 881 909 933; x_wconf 73' lang='lat' dir='ltr'>abundantem</span> <span class='ocrx_word' id='word_1_19' title='bbox 960 881 1235 948; x_wconf 54' lang='lat' dir='ltr'>antiquum</span> <span class='ocrx_word' id='word_1_20' title='bbox 1285 898 1495 931; x_wconf 71' lang='lat' dir='ltr'>amnem</span> <span class='ocrx_word' id='word_1_21' title='bbox 1545 882 1598 929; x_wconf 68' lang='lat' dir='ltr'>et</span> <span class='ocrx_word' id='word_1_22' title='bbox 1643 879 1856 947; x_wconf 55' lang='lat' dir='ltr'>rapidas</span> <span class='ocrx_word' id='word_1_23' title='bbox 1914 880 2083 931; x_wconf 74' lang='lat' dir='ltr'>undas</span> 
     </span>
     <span class='ocr_line' id='line_1_7' title="bbox 1507 975 1713 1026; baseline -0.005 0"><span class='ocrx_word' id='word_1_24' title='bbox 1507 975 1713 1026; x_wconf 76' lang='lat' dir='ltr'>&#39;Inachi</span> 
     </span>
     <span class='ocr_line' id='line_1_8' title="bbox 1040 1071 1215 1144; baseline 0.006 -19"><span class='ocrx_word' id='word_1_25' title='bbox 1040 1073 1090 1125; x_wconf 88' lang='lat' dir='ltr'>X</span> <span class='ocrx_word' id='word_1_26' title='bbox 1132 1071 1215 1144; x_wconf 76' lang='lat'>(8)</span> 
     </span>
     <span class='ocr_line' id='line_1_9' title="bbox 323 1167 2084 1243; baseline -0.002 -20"><span class='ocrx_word' id='word_1_27' title='bbox 323 1171 373 1223; x_wconf 83' lang='lat' dir='ltr'>N</span> <span class='ocrx_word' id='word_1_28' title='bbox 379 1176 481 1224; x_wconf 76' lang='lat' dir='ltr'>unc</span> <span class='ocrx_word' id='word_1_29' title='bbox 513 1167 744 1243; x_wconf 29' lang='lat' dir='ltr'>perga-nit</span> <span class='ocrx_word' id='word_1_30' title='bbox 767 1173 828 1222; x_wconf 72' lang='lat' dir='ltr'>ut</span> <span class='ocrx_word' id='word_1_31' title='bbox 860 1169 1136 1240; x_wconf 71' lang='lat' dir='ltr'>suppliciis</span> <span class='ocrx_word' id='word_1_32' title='bbox 1161 1171 1381 1239; x_wconf 80' lang='lat' dir='ltr'>placans</span> <span class='ocrx_word' id='word_1_33' title='bbox 1409 1170 1655 1221; x_wconf 74' lang='lat' dir='ltr'>caelitum</span> <span class='ocrx_word' id='word_1_34' title='bbox 1683 1188 1801 1220; x_wconf 80' lang='lat' dir='ltr'>aras</span> <span class='ocrx_word' id='word_1_35' title='bbox 1828 1170 2084 1238; x_wconf 72' lang='lat' dir='ltr'>expleam.</span> 
     </span>
    </p>
   </div>
   <div class='ocr_carea' id='block_1_5' title="bbox 176 1364 1984 1731">
    <p class='ocr_par' dir='ltr' id='par_1_5' title="bbox 176 1364 1984 1731">
     <span class='ocr_line' id='line_1_10' title="bbox 325 1364 1909 1434; baseline -0.001 -18"><span class='ocrx_word' id='word_1_36' title='bbox 325 1364 460 1426; x_wconf 84' lang='lat' dir='ltr'>Quid</span> <span class='ocrx_word' id='word_1_37' title='bbox 501 1366 661 1433; x_wconf 68' lang='lat' dir='ltr'>istuc,</span> <span class='ocrx_word' id='word_1_38' title='bbox 703 1367 866 1434; x_wconf 72' lang='lat' dir='ltr'>gnata</span> <span class='ocrx_word' id='word_1_39' title='bbox 908 1365 1088 1433; x_wconf 75' lang='lat' dir='ltr'>unica,</span> <span class='ocrx_word' id='word_1_40' title='bbox 1129 1366 1230 1432; x_wconf 69' lang='lat' dir='ltr'>est,</span> <span class='ocrx_word' id='word_1_41' title='bbox 1270 1364 1624 1431; x_wconf 75' lang='lat' dir='ltr'>Demonassa,</span> <span class='ocrx_word' id='word_1_42' title='bbox 1667 1364 1909 1431; x_wconf 66' lang='lat' dir='ltr'>Obsecro,</span> 
     </span>
     <span class='ocr_line' id='line_1_11' title="bbox 176 1460 1979 1530; baseline -0.002 -17"><span class='ocrx_word' id='word_1_43' title='bbox 176 1462 283 1513; x_wconf 86' lang='lat'>300</span> <span class='ocrx_word' id='word_1_44' title='bbox 326 1461 477 1523; x_wconf 80' lang='lat' dir='ltr'>Quod</span> <span class='ocrx_word' id='word_1_45' title='bbox 518 1464 600 1513; x_wconf 75' lang='lat' dir='ltr'>me</span> <span class='ocrx_word' id='word_1_46' title='bbox 640 1465 793 1514; x_wconf 75' lang='lat' dir='ltr'>tanto</span> <span class='ocrx_word' id='word_1_47' title='bbox 836 1464 1088 1530; x_wconf 73' lang='lat' dir='ltr'>expetens</span> <span class='ocrx_word' id='word_1_48' title='bbox 1128 1462 1370 1512; x_wconf 75' lang='lat' dir='ltr'>timidam</span> <span class='ocrx_word' id='word_1_49' title='bbox 1411 1480 1437 1512; x_wconf 88' lang='lat' dir='ltr'>e</span> <span class='ocrx_word' id='word_1_50' title='bbox 1478 1464 1619 1511; x_wconf 67' lang='lat' dir='ltr'>&#39;tec-’to</span> <span class='ocrx_word' id='word_1_51' title='bbox 1661 1460 1830 1511; x_wconf 65' lang='lat' dir='ltr'>excies</span> <span class='ocrx_word' id='word_1_52' title='bbox 1873 1460 1979 1510; x_wconf 60' lang='grc' dir='ltr'>-Ρ</span> 
     </span>
     <span class='ocr_line' id='line_1_12' title="bbox 998 1562 1266 1634; baseline 0 -18"><span class='ocrx_word' id='word_1_53' title='bbox 998 1565 1104 1616; x_wconf 86' lang='lat' dir='ltr'>XII</span> <span class='ocrx_word' id='word_1_54' title='bbox 1146 1562 1266 1634; x_wconf 75' lang='lat'>(10)</span> 
     </span>
     <span class='ocr_line' id='line_1_13' title="bbox 322 1661 1984 1731; baseline -0.001 -17"><span class='ocrx_word' id='word_1_55' title='bbox 322 1661 587 1731; x_wconf 78' lang='lat' dir='ltr'>Eloquere</span> <span class='ocrx_word' id='word_1_56' title='bbox 626 1681 851 1731; x_wconf 76' lang='lat' dir='ltr'><strong>propere</strong></span> <span class='ocrx_word' id='word_1_57' title='bbox 893 1681 953 1714; x_wconf 82' lang='lat' dir='ltr'>ae</span> <span class='ocrx_word' id='word_1_58' title='bbox 992 1681 1170 1714; x_wconf 85' lang='lat' dir='ltr'>meum</span> <span class='ocrx_word' id='word_1_59' title='bbox 1208 1662 1351 1713; x_wconf 74' lang='lat' dir='ltr'>hune</span> <span class='ocrx_word' id='word_1_60' title='bbox 1392 1680 1646 1729; x_wconf 77' lang='lat' dir='ltr'>pauorem</span> <span class='ocrx_word' id='word_1_61' title='bbox 1688 1662 1984 1729; x_wconf 78' lang='lat' dir='ltr'>expe&#39;etora.</span> 
     </span>
    </p>
   </div>
   <div class='ocr_carea' id='block_1_6' title="bbox 174 1794 2083 2413">
    <p class='ocr_par' dir='ltr' id='par_1_6' title="bbox 174 1794 2083 2413">
     <span class='ocr_line' id='line_1_14' title="bbox 290 1794 2082 1846; baseline -0.001 -11"><span class='ocrx_word' id='word_1_62' title='bbox 290 1795 400 1835; x_wconf 91' lang='lat' dir='ltr'>VIII</span> <span class='ocrx_word' id='word_1_63' title='bbox 439 1795 554 1835; x_wconf 87' lang='lat' dir='ltr'>Non.</span> <span class='ocrx_word' id='word_1_64' title='bbox 597 1797 700 1846; x_wconf 86' lang='grc'>426,</span> <span class='ocrx_word' id='word_1_65' title='bbox 734 1798 787 1836; x_wconf 87' lang='grc'>28</span> <span class='ocrx_word' id='word_1_66' title='bbox 828 1796 1071 1836; x_wconf 74' lang='lat' dir='ltr'>‘animus</span> <span class='ocrx_word' id='word_1_67' title='bbox 1113 1800 1157 1835; x_wconf 85' lang='lat' dir='ltr'>et</span> <span class='ocrx_word' id='word_1_68' title='bbox 1197 1795 1379 1834; x_wconf 84' lang='lat' dir='ltr'>anima</span> <span class='ocrx_word' id='word_1_69' title='bbox 1417 1795 1504 1834; x_wconf 86' lang='lat' dir='ltr'>hoe</span> <span class='ocrx_word' id='word_1_70' title='bbox 1544 1794 1738 1834; x_wconf 82' lang='lat' dir='ltr'>distant:</span> <span class='ocrx_word' id='word_1_71' title='bbox 1781 1795 1957 1834; x_wconf 87' lang='lat' dir='ltr'>animus</span> <span class='ocrx_word' id='word_1_72' title='bbox 1999 1798 2082 1844; x_wconf 87' lang='lat' dir='ltr'>est,</span> 
     </span>
     <span class='ocr_line' id='line_1_15' title="bbox 175 1849 2082 1905; baseline -0.001 -14"><span class='ocrx_word' id='word_1_73' title='bbox 175 1865 262 1904; x_wconf 91' lang='lat' dir='ltr'>quo</span> <span class='ocrx_word' id='word_1_74' title='bbox 294 1853 517 1905; x_wconf 86' lang='lat' dir='ltr'>sapimus,</span> <span class='ocrx_word' id='word_1_75' title='bbox 551 1854 728 1903; x_wconf 85' lang='lat' dir='ltr'>anima,</span> <span class='ocrx_word' id='word_1_76' title='bbox 764 1866 853 1905; x_wconf 84' lang='lat' dir='ltr'>qua</span> <span class='ocrx_word' id='word_1_77' title='bbox 884 1853 1100 1892; x_wconf 88' lang='lat' dir='ltr'>uiuimus.</span> <span class='ocrx_word' id='word_1_78' title='bbox 1150 1853 1317 1892; x_wconf 74' lang='lat' dir='ltr'>Accius</span> <span class='ocrx_word' id='word_1_79' title='bbox 1350 1853 1604 1904; x_wconf 88' lang='lat' dir='ltr'>Epigone</span> <span class='ocrx_word' id='word_1_80' title='bbox 1636 1882 1644 1891; x_wconf 89' lang='lat'><strong>.</strong></span> <span class='ocrx_word' id='word_1_81' title='bbox 1674 1882 1682 1890; x_wconf 89' lang='lat'>.</span> <span class='ocrx_word' id='word_1_82' title='bbox 1708 1855 1743 1891; x_wconf 83' lang='lat'>.’</span> <span class='ocrx_word' id='word_1_83' title='bbox 1778 1849 2082 1903; x_wconf 82' lang='lat' dir='ltr'>(Epigonis</span> 
     </span>
     <span class='ocr_line' id='line_1_16' title="bbox 175 1907 2082 1960; baseline -0.001 -13"><span class='ocrx_word' id='word_1_84' title='bbox 175 1908 332 1948; x_wconf 86' lang='lat' dir='ltr'>Delrio</span> <span class='ocrx_word' id='word_1_85' title='bbox 368 1910 616 1960; x_wconf 75' lang='lat' dir='ltr'>Erigona</span> <span class='ocrx_word' id='word_1_86' title='bbox 648 1909 895 1959; x_wconf 83' lang='lat' dir='ltr'>Mereerus)</span> <span class='ocrx_word' id='word_1_87' title='bbox 930 1909 1264 1949; x_wconf 76' lang='lat' dir='ltr'><strong>Grammaticus</strong></span> <span class='ocrx_word' id='word_1_88' title='bbox 1297 1910 1382 1951; x_wconf 78' lang='lat' dir='ltr'>inc.</span> <span class='ocrx_word' id='word_1_89' title='bbox 1416 1908 1552 1959; x_wconf 87' lang='lat' dir='ltr'>gloss.</span> <span class='ocrx_word' id='word_1_90' title='bbox 1578 1908 1712 1960; x_wconf 87' lang='lat' dir='ltr'>Verg.</span> <span class='ocrx_word' id='word_1_91' title='bbox 1749 1921 1820 1959; x_wconf 85' lang='lat' dir='ltr'>ap.</span> <span class='ocrx_word' id='word_1_92' title='bbox 1845 1907 2082 1947; x_wconf 85' lang='lat' dir='ltr'>Barthium</span> 
     </span>
     <span class='ocr_line' id='line_1_17' title="bbox 174 1964 2082 2018; baseline -0.001 -14"><span class='ocrx_word' id='word_1_93' title='bbox 174 1964 362 2005; x_wconf 85' lang='lat' dir='ltr'>Aduers.</span> <span class='ocrx_word' id='word_1_94' title='bbox 396 1965 614 2005; x_wconf 85' lang='lat' dir='ltr'>XXXVII</span> <span class='ocrx_word' id='word_1_95' title='bbox 636 1968 661 2006; x_wconf 89' lang='lat'>5</span> <span class='ocrx_word' id='word_1_96' title='bbox 694 1966 900 2016; x_wconf 88' lang='lat' dir='ltr'>(Seruius</span> <span class='ocrx_word' id='word_1_97' title='bbox 934 1966 1001 2004; x_wconf 90' lang='lat' dir='ltr'>ed.</span> <span class='ocrx_word' id='word_1_98' title='bbox 1038 1967 1153 2004; x_wconf 85' lang='lat' dir='ltr'>Lion</span> <span class='ocrx_word' id='word_1_99' title='bbox 1183 1965 1228 2004; x_wconf 93' lang='lat' dir='ltr'>II</span> <span class='ocrx_word' id='word_1_100' title='bbox 1260 1979 1301 2018; x_wconf 92' lang='lat' dir='ltr'>p.</span> <span class='ocrx_word' id='word_1_101' title='bbox 1329 1967 1429 2016; x_wconf 71' lang='lat'><strong>374)</strong></span> <span class='ocrx_word' id='word_1_102' title='bbox 1465 1966 1664 2004; x_wconf 76' lang='lat' dir='ltr'>‘animus</span> <span class='ocrx_word' id='word_1_103' title='bbox 1695 1965 1750 2004; x_wconf 84' lang='lat' dir='ltr'>ab</span> <span class='ocrx_word' id='word_1_104' title='bbox 1787 1966 1937 2003; x_wconf 83' lang='lat' dir='ltr'>anima</span> <span class='ocrx_word' id='word_1_105' title='bbox 1971 1964 2082 2002; x_wconf 79' lang='lat' dir='ltr'>dici-</span> 
     </span>
     <span class='ocr_line' id='line_1_18' title="bbox 175 2021 2078 2075; baseline 0 -16"><span class='ocrx_word' id='word_1_106' title='bbox 175 2026 273 2060; x_wconf 81' lang='lat' dir='ltr'>tur:</span> <span class='ocrx_word' id='word_1_107' title='bbox 307 2021 422 2061; x_wconf 86' lang='lat' dir='ltr'>haec</span> <span class='ocrx_word' id='word_1_108' title='bbox 456 2028 525 2060; x_wconf 85' lang='lat' dir='ltr'>est</span> <span class='ocrx_word' id='word_1_109' title='bbox 557 2023 675 2061; x_wconf 90' lang='lat' dir='ltr'>enim</span> <span class='ocrx_word' id='word_1_110' title='bbox 709 2035 798 2075; x_wconf 86' lang='lat' dir='ltr'>qua</span> <span class='ocrx_word' id='word_1_111' title='bbox 829 2023 1047 2071; x_wconf 87' lang='lat' dir='ltr'>uiuimus,</span> <span class='ocrx_word' id='word_1_112' title='bbox 1089 2023 1240 2061; x_wconf 79' lang='lat' dir='ltr'>animo</span> <span class='ocrx_word' id='word_1_113' title='bbox 1273 2027 1425 2062; x_wconf 83' lang='lat' dir='ltr'>autem</span> <span class='ocrx_word' id='word_1_114' title='bbox 1457 2021 1784 2073; x_wconf 83' lang='lat' dir='ltr'>intellegimus.</span> <span class='ocrx_word' id='word_1_115' title='bbox 1846 2021 2002 2060; x_wconf 85' lang='lat' dir='ltr'>Attius</span> <span class='ocrx_word' id='word_1_116' title='bbox 2033 2023 2078 2059; x_wconf 86' lang='lat' dir='ltr'>in</span> 
     </span>
     <span class='ocr_line' id='line_1_19' title="bbox 176 2077 2082 2130; baseline -0.001 -13"><span class='ocrx_word' id='word_1_117' title='bbox 176 2078 454 2130; x_wconf 88' lang='lat' dir='ltr'>Epigono:</span> <span class='ocrx_word' id='word_1_118' title='bbox 489 2079 692 2130; x_wconf 85' lang='lat' dir='ltr'>capimus</span> <span class='ocrx_word' id='word_1_119' title='bbox 725 2080 891 2128; x_wconf 84' lang='lat' dir='ltr'>animo,</span> <span class='ocrx_word' id='word_1_120' title='bbox 923 2079 1112 2118; x_wconf 89' lang='lat' dir='ltr'>fruimur</span> <span class='ocrx_word' id='word_1_121' title='bbox 1143 2078 1331 2118; x_wconf 84' lang='lat' dir='ltr'>anima.’</span> <span class='ocrx_word' id='word_1_122' title='bbox 1425 2077 1490 2118; x_wconf 89' lang='lat' dir='ltr'>IX</span> <span class='ocrx_word' id='word_1_123' title='bbox 1520 2077 1635 2117; x_wconf 82' lang='lat' dir='ltr'>Non.</span> <span class='ocrx_word' id='word_1_124' title='bbox 1667 2079 1761 2127; x_wconf 88' lang='grc'>192,</span> <span class='ocrx_word' id='word_1_125' title='bbox 1792 2079 1819 2116; x_wconf 91' lang='grc'>4</span> <span class='ocrx_word' id='word_1_126' title='bbox 1852 2080 2082 2116; x_wconf 83' lang='lat' dir='ltr'>‘amnem</span> 
     </span>
     <span class='ocr_line' id='line_1_20' title="bbox 184 2132 2083 2187; baseline -0.001 -13"><span class='ocrx_word' id='word_1_127' title='bbox 184 2164 194 2174; x_wconf 90' lang='lat'><strong><em>.</em></strong></span> <span class='ocrx_word' id='word_1_128' title='bbox 214 2165 222 2172; x_wconf 94' lang='lat'><strong>.</strong></span> <span class='ocrx_word' id='word_1_129' title='bbox 242 2165 250 2172; x_wconf 96' lang='lat'>.</span> <span class='ocrx_word' id='word_1_130' title='bbox 283 2134 504 2174; x_wconf 85' lang='lat' dir='ltr'>feminino</span> <span class='ocrx_word' id='word_1_131' title='bbox 535 2165 543 2173; x_wconf 93' lang='lat'><strong>.</strong></span> <span class='ocrx_word' id='word_1_132' title='bbox 571 2165 579 2173; x_wconf 92' lang='lat'><strong><em>.</em></strong></span> <span class='ocrx_word' id='word_1_133' title='bbox 608 2166 616 2173; x_wconf 90' lang='lat'><strong>.</strong></span> <span class='ocrx_word' id='word_1_134' title='bbox 646 2135 816 2174; x_wconf 80' lang='lat' dir='ltr'>Accius</span> <span class='ocrx_word' id='word_1_135' title='bbox 847 2135 1236 2187; x_wconf 83' lang='lat' dir='ltr'>Epinausimache</span> <span class='ocrx_word' id='word_1_136' title='bbox 1268 2165 1278 2174; x_wconf 90' lang='lat'><strong>.</strong></span> <span class='ocrx_word' id='word_1_137' title='bbox 1303 2165 1312 2174; x_wconf 93' lang='lat'><strong>.</strong></span> <span class='ocrx_word' id='word_1_138' title='bbox 1339 2165 1348 2173; x_wconf 94' lang='lat'><strong>.</strong></span> <span class='ocrx_word' id='word_1_139' title='bbox 1378 2134 1498 2174; x_wconf 86' lang='lat' dir='ltr'>idem</span> <span class='ocrx_word' id='word_1_140' title='bbox 1529 2134 1785 2186; x_wconf 84' lang='lat' dir='ltr'>Epigono</span> <span class='ocrx_word' id='word_1_141' title='bbox 1817 2164 1853 2174; x_wconf 85' lang='lat'>..</span> <span class='ocrx_word' id='word_1_142' title='bbox 1873 2165 1882 2174; x_wconf 94' lang='lat'><em>.</em></span> <span class='ocrx_word' id='word_1_143' title='bbox 1921 2132 2083 2185; x_wconf 86' lang='lat' dir='ltr'>(Epi-</span> 
     </span>
     <span class='ocr_line' id='line_1_21' title="bbox 177 2189 2082 2243; baseline -0.001 -14"><span class='ocrx_word' id='word_1_144' title='bbox 177 2191 337 2241; x_wconf 83' lang='lat' dir='ltr'>gonis</span> <span class='ocrx_word' id='word_1_145' title='bbox 368 2191 617 2242; x_wconf 84' lang='lat' dir='ltr'>Mereerus)</span> <span class='ocrx_word' id='word_1_146' title='bbox 744 2191 784 2230; x_wconf 90' lang='lat' dir='ltr'>X</span> <span class='ocrx_word' id='word_1_147' title='bbox 814 2191 934 2231; x_wconf 90' lang='lat' dir='ltr'>Non.</span> <span class='ocrx_word' id='word_1_148' title='bbox 965 2193 1069 2239; x_wconf 83' lang='lat'>398,</span> <span class='ocrx_word' id='word_1_149' title='bbox 1105 2193 1154 2230; x_wconf 85' lang='lat'>19</span> <span class='ocrx_word' id='word_1_150' title='bbox 1196 2191 1571 2243; x_wconf 76' lang='lat' dir='ltr'>‘supplicium</span> <span class='ocrx_word' id='word_1_151' title='bbox 1612 2203 1764 2230; x_wconf 88' lang='lat' dir='ltr'>rursus</span> <span class='ocrx_word' id='word_1_152' title='bbox 1806 2189 2082 2242; x_wconf 87' lang='lat' dir='ltr'>supplicatio</span> 
     </span>
     <span class='ocr_line' id='line_1_22' title="bbox 186 2244 2081 2300; baseline -0.001 -14"><span class='ocrx_word' id='word_1_153' title='bbox 186 2277 267 2287; x_wconf 91' lang='lat'>...</span> <span class='ocrx_word' id='word_1_154' title='bbox 304 2247 472 2287; x_wconf 84' lang='lat' dir='ltr'>Accius</span> <span class='ocrx_word' id='word_1_155' title='bbox 502 2246 759 2300; x_wconf 84' lang='lat' dir='ltr'>Epigona</span> <span class='ocrx_word' id='word_1_156' title='bbox 794 2251 899 2288; x_wconf 74' lang='lat'><strong>...³</strong></span> <span class='ocrx_word' id='word_1_157' title='bbox 941 2247 1240 2300; x_wconf 86' lang='lat' dir='ltr'>(Epigonis</span> <span class='ocrx_word' id='word_1_158' title='bbox 1272 2247 1428 2286; x_wconf 86' lang='lat' dir='ltr'>Delrio</span> <span class='ocrx_word' id='word_1_159' title='bbox 1460 2247 1712 2299; x_wconf 88' lang='lat' dir='ltr'>Epigono</span> <span class='ocrx_word' id='word_1_160' title='bbox 1746 2244 1918 2289; x_wconf 84' lang='lat' dir='ltr'>Geneu‚</span> <span class='ocrx_word' id='word_1_161' title='bbox 1951 2246 2081 2288; x_wconf 82' lang='lat' dir='ltr'>Leid.</span> 
     </span>
     <span class='ocr_line' id='line_1_23' title="bbox 175 2300 2083 2356; baseline -0.001 -14"><span class='ocrx_word' id='word_1_162' title='bbox 175 2304 421 2356; x_wconf 54' lang='lat' dir='ltr'>Erigoiro</span> <span class='ocrx_word' id='word_1_163' title='bbox 455 2303 595 2344; x_wconf 81' lang='lat' dir='ltr'>Basil.</span> <span class='ocrx_word' id='word_1_164' title='bbox 636 2304 880 2354; x_wconf 77' lang='lat' dir='ltr'>Erigona</span> <span class='ocrx_word' id='word_1_165' title='bbox 910 2300 1163 2356; x_wconf 71' lang='lat' dir='ltr'>Mei-cerus)</span> <span class='ocrx_word' id='word_1_166' title='bbox 1287 2303 1351 2343; x_wconf 90' lang='lat' dir='ltr'>XI</span> <span class='ocrx_word' id='word_1_167' title='bbox 1385 2303 1620 2342; x_wconf 85' lang='lat' dir='ltr'>Charisius</span> <span class='ocrx_word' id='word_1_168' title='bbox 1661 2302 1715 2342; x_wconf 89' lang='lat' dir='ltr'>de</span> <span class='ocrx_word' id='word_1_169' title='bbox 1755 2315 1891 2342; x_wconf 86' lang='lat' dir='ltr'>uersu</span> <span class='ocrx_word' id='word_1_170' title='bbox 1924 2302 2083 2342; x_wconf 82' lang='lat' dir='ltr'>Satur—</span> 
     </span>
     <span class='ocr_line' id='line_1_24' title="bbox 176 2359 2080 2413; baseline 0 -14"><span class='ocrx_word' id='word_1_171' title='bbox 176 2361 250 2399; x_wconf 89' lang='lat' dir='ltr'>nio</span> <span class='ocrx_word' id='word_1_172' title='bbox 283 2360 403 2411; x_wconf 90' lang='lat' dir='ltr'>(uide</span> <span class='ocrx_word' id='word_1_173' title='bbox 427 2360 508 2411; x_wconf 89' lang='lat' dir='ltr'>IV)</span> <span class='ocrx_word' id='word_1_174' title='bbox 626 2359 712 2400; x_wconf 90' lang='lat' dir='ltr'>XII</span> <span class='ocrx_word' id='word_1_175' title='bbox 744 2360 858 2401; x_wconf 84' lang='lat' dir='ltr'>Non.</span> <span class='ocrx_word' id='word_1_176' title='bbox 883 2361 948 2411; x_wconf 87' lang='grc'>16,</span> <span class='ocrx_word' id='word_1_177' title='bbox 974 2362 998 2400; x_wconf 83' lang='grc'>5</span> <span class='ocrx_word' id='word_1_178' title='bbox 1032 2363 1424 2413; x_wconf 79' lang='lat' dir='ltr'>‘expectorare</span> <span class='ocrx_word' id='word_1_179' title='bbox 1460 2363 1529 2400; x_wconf 85' lang='lat' dir='ltr'>est</span> <span class='ocrx_word' id='word_1_180' title='bbox 1560 2363 1690 2399; x_wconf 83' lang='lat' dir='ltr'>extra</span> <span class='ocrx_word' id='word_1_181' title='bbox 1722 2364 1885 2411; x_wconf 83' lang='lat' dir='ltr'>pectus</span> <span class='ocrx_word' id='word_1_182' title='bbox 1919 2359 2080 2399; x_wconf 87' lang='lat' dir='ltr'>eicere.</span> 
     </span>
    </p>
   </div>
   <div class='ocr_carea' id='block_1_7' title="bbox 233 2452 527 2458">
    <p class='ocr_par' dir='ltr' id='par_1_7' title="bbox 233 2452 527 2458">
     <span class='ocr_line' id='line_1_25' title="bbox 233 2452 527 2458; baseline 0 0"><span class='ocrx_word' id='word_1_183' title='bbox 233 2452 527 2458; x_wconf 95' lang='lat' dir='ltr'> </span> 
     </span>
    </p>
   </div>
   <div class='ocr_carea' id='block_1_8' title="bbox 173 2502 2085 3699">
    <p class='ocr_par' dir='ltr' id='par_1_8' title="bbox 173 2502 2085 3699">
     <span class='ocr_line' id='line_1_26' title="bbox 178 2502 2079 2572; baseline 0 -20"><span class='ocrx_word' id='word_1_184' title='bbox 178 2515 220 2554; x_wconf 78' lang='lat' dir='ltr'>[e</span> <span class='ocrx_word' id='word_1_185' title='bbox 260 2509 368 2554; x_wconf 87' lang='lat' dir='ltr'>haec</span> <span class='ocrx_word' id='word_1_186' title='bbox 404 2502 604 2572; x_wconf 85' lang='lat' dir='ltr'>pigrem]</span> <span class='ocrx_word' id='word_1_187' title='bbox 647 2517 833 2569; x_wconf 73' lang='lat' dir='ltr'>propter</span> <span class='ocrx_word' id='word_1_188' title='bbox 871 2523 919 2554; x_wconf 85' lang='lat' dir='ltr'>re</span> <span class='ocrx_word' id='word_1_189' title='bbox 957 2510 1130 2570; x_wconf 86' lang='lat' dir='ltr'>pigrem</span> <span class='ocrx_word' id='word_1_190' title='bbox 1170 2509 1278 2554; x_wconf 84' lang='lat' dir='ltr'>haec</span> <span class='ocrx_word' id='word_1_191' title='bbox 1310 2511 1423 2555; x_wconf 80' lang='lat' dir='ltr'>libri</span> <span class='ocrx_word' id='word_1_192' title='bbox 1467 2516 1654 2569; x_wconf 81' lang='lat' dir='ltr'>propter</span> <span class='ocrx_word' id='word_1_193' title='bbox 1690 2515 1732 2553; x_wconf 83' lang='lat' dir='ltr'>te</span> <span class='ocrx_word' id='word_1_194' title='bbox 1770 2510 1943 2569; x_wconf 85' lang='lat' dir='ltr'>pigrem</span> <span class='ocrx_word' id='word_1_195' title='bbox 1972 2509 2079 2553; x_wconf 83' lang='lat' dir='ltr'>haec</span> 
     </span>
     <span class='ocr_line' id='line_1_27' title="bbox 177 2579 2080 2640; baseline -0.001 -15"><span class='ocrx_word' id='word_1_196' title='bbox 177 2581 279 2625; x_wconf 82' lang='lat' dir='ltr'>edd.</span> <span class='ocrx_word' id='word_1_197' title='bbox 440 2579 540 2626; x_wconf 83' lang='lat'>296</span> <span class='ocrx_word' id='word_1_198' title='bbox 580 2581 777 2640; x_wconf 84' lang='lat' dir='ltr'>capimus</span> <span class='ocrx_word' id='word_1_199' title='bbox 814 2596 1012 2640; x_wconf 78' lang='lat' dir='ltr'>qramm.</span> <span class='ocrx_word' id='word_1_200' title='bbox 1052 2581 1250 2626; x_wconf 80' lang='lat' dir='ltr'>Barthii</span> <span class='ocrx_word' id='word_1_201' title='bbox 1401 2580 1499 2626; x_wconf 78' lang='grc'>297</span> <span class='ocrx_word' id='word_1_202' title='bbox 1541 2581 1752 2640; x_wconf 82' lang='lat' dir='ltr'>Argiuam</span> <span class='ocrx_word' id='word_1_203' title='bbox 1792 2580 1844 2624; x_wconf 91' lang='lat' dir='ltr'>L.</span> <span class='ocrx_word' id='word_1_204' title='bbox 1874 2579 2080 2624; x_wconf 86' lang='lat' dir='ltr'>Mueller</span> 
     </span>
     <span class='ocr_line' id='line_1_28' title="bbox 176 2649 2085 2711; baseline -0.001 -16"><span class='ocrx_word' id='word_1_205' title='bbox 176 2652 354 2696; x_wconf 83' lang='lat' dir='ltr'>annall.</span> <span class='ocrx_word' id='word_1_206' title='bbox 379 2652 561 2709; x_wconf 78' lang='lat' dir='ltr'>pleiloll.</span> <span class='ocrx_word' id='word_1_207' title='bbox 596 2651 727 2697; x_wconf 81' lang='lat'>1867</span> <span class='ocrx_word' id='word_1_208' title='bbox 757 2666 811 2709; x_wconf 77' lang='lat' dir='ltr'>p.</span> <span class='ocrx_word' id='word_1_209' title='bbox 847 2651 948 2697; x_wconf 88' lang='grc'>492</span> <span class='ocrx_word' id='word_1_210' title='bbox 1093 2649 1192 2697; x_wconf 85' lang='grc'>298</span> <span class='ocrx_word' id='word_1_211' title='bbox 1232 2665 1415 2711; x_wconf 80' lang='lat' dir='ltr'>pergam</span> <span class='ocrx_word' id='word_1_212' title='bbox 1457 2659 1504 2696; x_wconf 76' lang='lat' dir='ltr'>nt</span> <span class='ocrx_word' id='word_1_213' title='bbox 1541 2652 1798 2695; x_wconf 84' lang='lat' dir='ltr'>Fruterius</span> <span class='ocrx_word' id='word_1_214' title='bbox 1840 2650 1988 2695; x_wconf 85' lang='lat' dir='ltr'>Veris.</span> <span class='ocrx_word' id='word_1_215' title='bbox 2027 2650 2085 2694; x_wconf 92' lang='lat' dir='ltr'>II</span> 
     </span>
     <span class='ocr_line' id='line_1_29' title="bbox 177 2721 2083 2782; baseline -0.001 -16"><span class='ocrx_word' id='word_1_216' title='bbox 177 2721 233 2774; x_wconf 84' lang='lat'>5,</span> <span class='ocrx_word' id='word_1_217' title='bbox 274 2722 464 2780; x_wconf 77' lang='lat' dir='ltr'>Lipsius</span> <span class='ocrx_word' id='word_1_218' title='bbox 499 2735 739 2781; x_wconf 87' lang='lat' dir='ltr'>pergamus</span> <span class='ocrx_word' id='word_1_219' title='bbox 778 2723 888 2767; x_wconf 87' lang='lat' dir='ltr'>libri</span> <span class='ocrx_word' id='word_1_220' title='bbox 923 2735 1162 2782; x_wconf 86' lang='lat' dir='ltr'>pergamus</span> <span class='ocrx_word' id='word_1_221' title='bbox 1190 2730 1241 2766; x_wconf 79' lang='lat' dir='ltr'>ut</span> <span class='ocrx_word' id='word_1_222' title='bbox 1267 2723 1437 2767; x_wconf 85' lang='lat' dir='ltr'>Iunius</span> <span class='ocrx_word' id='word_1_223' title='bbox 1474 2726 1517 2767; x_wconf 77' lang='lat' dir='ltr'>iii</span> <span class='ocrx_word' id='word_1_224' title='bbox 1555 2737 1640 2781; x_wconf 79' lang='lat' dir='ltr'>mq.</span> <span class='ocrx_word' id='word_1_225' title='bbox 1777 2722 2083 2780; x_wconf 77' lang='lat' dir='ltr'>Interroqari</span> 
     </span>
     <span class='ocr_line' id='line_1_30' title="bbox 174 2792 2079 2854; baseline -0.001 -18"><span class='ocrx_word' id='word_1_226' title='bbox 174 2794 304 2837; x_wconf 84' lang='lat' dir='ltr'>malit</span> <span class='ocrx_word' id='word_1_227' title='bbox 342 2792 673 2850; x_wconf 61' lang='lat' dir='ltr'>Buecleelerus</span> <span class='ocrx_word' id='word_1_228' title='bbox 805 2792 904 2838; x_wconf 84' lang='lat'>299</span> <span class='ocrx_word' id='word_1_229' title='bbox 942 2800 1074 2854; x_wconf 82' lang='lat' dir='ltr'>gnata</span> <span class='ocrx_word' id='word_1_230' title='bbox 1111 2794 1239 2837; x_wconf 84' lang='lat' dir='ltr'>unica</span> <span class='ocrx_word' id='word_1_231' title='bbox 1267 2793 1414 2838; x_wconf 89' lang='lat' dir='ltr'>Borb.</span> <span class='ocrx_word' id='word_1_232' title='bbox 1446 2809 1473 2837; x_wconf 83' lang='lat' dir='ltr'>a</span> <span class='ocrx_word' id='word_1_233' title='bbox 1515 2806 1672 2852; x_wconf 83' lang='lat' dir='ltr'>graeca</span> <span class='ocrx_word' id='word_1_234' title='bbox 1708 2793 1842 2836; x_wconf 86' lang='lat' dir='ltr'>amica</span> <span class='ocrx_word' id='word_1_235' title='bbox 1872 2792 2020 2836; x_wconf 87' lang='lat' dir='ltr'>Borb.</span> <span class='ocrx_word' id='word_1_236' title='bbox 2055 2793 2079 2836; x_wconf 88' lang='lat' dir='ltr'>b</span> 
     </span>
     <span class='ocr_line' id='line_1_31' title="bbox 283 2862 2079 2922; baseline -0.002 -15"><span class='ocrx_word' id='word_1_237' title='bbox 283 2862 542 2908; x_wconf 86' lang='lat' dir='ltr'>demanassa</span> <span class='ocrx_word' id='word_1_238' title='bbox 571 2864 719 2909; x_wconf 88' lang='lat' dir='ltr'>Borb.</span> <span class='ocrx_word' id='word_1_239' title='bbox 749 2864 789 2908; x_wconf 88' lang='lat' dir='ltr'>b.</span> <span class='ocrx_word' id='word_1_240' title='bbox 839 2864 910 2908; x_wconf 89' lang='lat' dir='ltr'>De</span> <span class='ocrx_word' id='word_1_241' title='bbox 937 2866 1206 2922; x_wconf 80' lang='lat' dir='ltr'>antiquiore</span> <span class='ocrx_word' id='word_1_242' title='bbox 1243 2865 1366 2908; x_wconf 81' lang='lat' dir='ltr'>haec</span> <span class='ocrx_word' id='word_1_243' title='bbox 1406 2869 1610 2908; x_wconf 83' lang='lat' dir='ltr'>testatur</span> <span class='ocrx_word' id='word_1_244' title='bbox 1636 2863 1700 2907; x_wconf 90' lang='lat' dir='ltr'>H.</span> <span class='ocrx_word' id='word_1_245' title='bbox 1729 2863 1915 2907; x_wconf 81' lang='lat' dir='ltr'>Keilius</span> <span class='ocrx_word' id='word_1_246' title='bbox 1940 2863 2079 2906; x_wconf 82' lang='lat' dir='ltr'>Anal.</span> 
     </span>
     <span class='ocr_line' id='line_1_32' title="bbox 173 2933 2079 2993; baseline -0.001 -16"><span class='ocrx_word' id='word_1_247' title='bbox 173 2948 245 2992; x_wconf 76' lang='lat' dir='ltr'>qr.</span> <span class='ocrx_word' id='word_1_248' title='bbox 277 2948 329 2992; x_wconf 83' lang='lat' dir='ltr'>p.</span> <span class='ocrx_word' id='word_1_249' title='bbox 358 2933 424 2980; x_wconf 88' lang='grc'>36</span> <span class='ocrx_word' id='word_1_250' title='bbox 465 2933 540 2978; x_wconf 82' lang='lat' dir='ltr'>‘de</span> <span class='ocrx_word' id='word_1_251' title='bbox 578 2933 871 2978; x_wconf 83' lang='lat' dir='ltr'>Demonassae</span> <span class='ocrx_word' id='word_1_252' title='bbox 909 2937 1120 2991; x_wconf 77' lang='lat' dir='ltr'>nomine,</span> <span class='ocrx_word' id='word_1_253' title='bbox 1160 2936 1286 2993; x_wconf 76' lang='lat' dir='ltr'>quosl</span> <span class='ocrx_word' id='word_1_254' title='bbox 1321 2948 1488 2980; x_wconf 88' lang='lat' dir='ltr'>uerum</span> <span class='ocrx_word' id='word_1_255' title='bbox 1528 2946 1631 2978; x_wconf 80' lang='lat' dir='ltr'>esse</span> <span class='ocrx_word' id='word_1_256' title='bbox 1671 2934 1838 2990; x_wconf 74' lang='lat' dir='ltr'>credo,</span> <span class='ocrx_word' id='word_1_257' title='bbox 1879 2945 1943 2977; x_wconf 75' lang='lat' dir='ltr'>ex</span> <span class='ocrx_word' id='word_1_258' title='bbox 1979 2935 2079 2989; x_wconf 83' lang='lat' dir='ltr'>api-</span> 
     </span>
     <span class='ocr_line' id='line_1_33' title="bbox 177 3001 2079 3064; baseline -0.002 -16"><span class='ocrx_word' id='word_1_259' title='bbox 177 3005 310 3049; x_wconf 81' lang='lat' dir='ltr'>cibus</span> <span class='ocrx_word' id='word_1_260' title='bbox 347 3005 598 3050; x_wconf 87' lang='lat' dir='ltr'>literarum</span> <span class='ocrx_word' id='word_1_261' title='bbox 637 3007 720 3064; x_wconf 90' lang='lat' dir='ltr'>qui</span> <span class='ocrx_word' id='word_1_262' title='bbox 755 3007 914 3050; x_wconf 76' lang='lat' dir='ltr'>relicti</span> <span class='ocrx_word' id='word_1_263' title='bbox 948 3011 1058 3050; x_wconf 85' lang='lat' dir='ltr'>sunt</span> <span class='ocrx_word' id='word_1_264' title='bbox 1096 3020 1189 3050; x_wconf 83' lang='lat' dir='ltr'>non</span> <span class='ocrx_word' id='word_1_265' title='bbox 1229 3011 1443 3050; x_wconf 84' lang='lat' dir='ltr'>constat.-</span> <span class='ocrx_word' id='word_1_266' title='bbox 1482 3004 1655 3049; x_wconf 84' lang='lat' dir='ltr'>demara</span> <span class='ocrx_word' id='word_1_267' title='bbox 1694 3038 1704 3049; x_wconf 88' lang='lat'><strong>.</strong></span> <span class='ocrx_word' id='word_1_268' title='bbox 1729 3038 1740 3048; x_wconf 86' lang='lat'><strong>.</strong></span> <span class='ocrx_word' id='word_1_269' title='bbox 1765 3039 1775 3049; x_wconf 88' lang='lat'><strong>.</strong></span> <span class='ocrx_word' id='word_1_270' title='bbox 1816 3004 1893 3047; x_wconf 85' lang='lat' dir='ltr'>uel</span> <span class='ocrx_word' id='word_1_271' title='bbox 1932 3001 2079 3046; x_wconf 87' lang='lat' dir='ltr'>(lema-</span> 
     </span>
     <span class='ocr_line' id='line_1_34' title="bbox 175 3073 2080 3134; baseline 0 -16"><span class='ocrx_word' id='word_1_272' title='bbox 175 3087 278 3118; x_wconf 85' lang='lat' dir='ltr'>eans</span> <span class='ocrx_word' id='word_1_273' title='bbox 317 3088 347 3134; x_wconf 91' lang='lat' dir='ltr'><strong>q</strong></span> <span class='ocrx_word' id='word_1_274' title='bbox 380 3077 540 3134; x_wconf 79' lang='lat' dir='ltr'>leqere</span> <span class='ocrx_word' id='word_1_275' title='bbox 578 3076 691 3120; x_wconf 79' lang='lat' dir='ltr'>mihi</span> <span class='ocrx_word' id='word_1_276' title='bbox 726 3073 962 3121; x_wconf 85' lang='lat' dir='ltr'>uidebar.&#39;</span> <span class='ocrx_word' id='word_1_277' title='bbox 1022 3075 1268 3120; x_wconf 83' lang='lat' dir='ltr'>Constituit</span> <span class='ocrx_word' id='word_1_278' title='bbox 1307 3088 1498 3120; x_wconf 87' lang='lat' dir='ltr'>uersum</span> <span class='ocrx_word' id='word_1_279' title='bbox 1545 3075 1662 3119; x_wconf 85' lang='lat' dir='ltr'>idem</span> <span class='ocrx_word' id='word_1_280' title='bbox 1698 3089 1748 3132; x_wconf 81' lang='lat' dir='ltr'>p.</span> <span class='ocrx_word' id='word_1_281' title='bbox 1778 3073 1842 3119; x_wconf 87' lang='lat'>38</span> <span class='ocrx_word' id='word_1_282' title='bbox 1978 3073 2080 3118; x_wconf 86' lang='lat'>300</span> 
     </span>
     <span class='ocr_line' id='line_1_35' title="bbox 174 3145 2080 3206; baseline -0.001 -17"><span class='ocrx_word' id='word_1_283' title='bbox 174 3157 436 3205; x_wconf 83' lang='lat' dir='ltr'>mecumago</span> <span class='ocrx_word' id='word_1_284' title='bbox 474 3149 552 3190; x_wconf 88' lang='lat' dir='ltr'>uel</span> <span class='ocrx_word' id='word_1_285' title='bbox 589 3159 820 3206; x_wconf 85' lang='lat' dir='ltr'>meamego</span> <span class='ocrx_word' id='word_1_286' title='bbox 862 3148 938 3191; x_wconf 90' lang='lat' dir='ltr'>uel</span> <span class='ocrx_word' id='word_1_287' title='bbox 977 3148 1126 3191; x_wconf 81' lang='lat' dir='ltr'>simile</span> <span class='ocrx_word' id='word_1_288' title='bbox 1153 3147 1375 3206; x_wconf 81' lang='lat' dir='ltr'>quiddam</span> <span class='ocrx_word' id='word_1_289' title='bbox 1412 3149 1458 3190; x_wconf 88' lang='lat' dir='ltr'>in</span> <span class='ocrx_word' id='word_1_290' title='bbox 1486 3145 1633 3190; x_wconf 85' lang='lat' dir='ltr'>Borb.</span> <span class='ocrx_word' id='word_1_291' title='bbox 1662 3160 1691 3189; x_wconf 93' lang='lat' dir='ltr'>a</span> <span class='ocrx_word' id='word_1_292' title='bbox 1719 3147 1947 3202; x_wconf 81' lang='lat' dir='ltr'>scriptum</span> <span class='ocrx_word' id='word_1_293' title='bbox 1977 3156 2080 3187; x_wconf 86' lang='lat' dir='ltr'>esse</span> 
     </span>
     <span class='ocr_line' id='line_1_36' title="bbox 175 3213 2077 3273; baseline -0.001 -14"><span class='ocrx_word' id='word_1_294' title='bbox 175 3216 429 3261; x_wconf 83' lang='lat' dir='ltr'>uidebatur</span> <span class='ocrx_word' id='word_1_295' title='bbox 465 3215 531 3261; x_wconf 84' lang='lat' dir='ltr'>H.</span> <span class='ocrx_word' id='word_1_296' title='bbox 561 3217 714 3262; x_wconf 81' lang='lat' dir='ltr'>Keilio</span> <span class='ocrx_word' id='word_1_297' title='bbox 739 3219 770 3261; x_wconf 94' lang='lat' dir='ltr'>l.</span> <span class='ocrx_word' id='word_1_298' title='bbox 798 3219 848 3273; x_wconf 88' lang='lat' dir='ltr'>l.,</span> <span class='ocrx_word' id='word_1_299' title='bbox 891 3230 975 3261; x_wconf 88' lang='lat' dir='ltr'>om.</span> <span class='ocrx_word' id='word_1_300' title='bbox 1005 3217 1153 3262; x_wconf 85' lang='lat' dir='ltr'>Borb.</span> <span class='ocrx_word' id='word_1_301' title='bbox 1181 3218 1206 3261; x_wconf 90' lang='lat' dir='ltr'>b</span> <span class='ocrx_word' id='word_1_302' title='bbox 1245 3230 1314 3261; x_wconf 90' lang='lat' dir='ltr'>me</span> <span class='ocrx_word' id='word_1_303' title='bbox 1354 3215 1501 3261; x_wconf 77' lang='lat' dir='ltr'>subito</span> <span class='ocrx_word' id='word_1_304' title='bbox 1541 3217 1659 3260; x_wconf 81' lang='lat' dir='ltr'>idem</span> <span class='ocrx_word' id='word_1_305' title='bbox 1697 3215 1866 3260; x_wconf 75' lang='lat' dir='ltr'>Philol.</span> <span class='ocrx_word' id='word_1_306' title='bbox 1901 3213 1987 3259; x_wconf 92' lang='lat' dir='ltr'>III</span> <span class='ocrx_word' id='word_1_307' title='bbox 2013 3213 2077 3258; x_wconf 84' lang='grc'>97-</span> 
     </span>
     <span class='ocr_line' id='line_1_37' title="bbox 175 3283 2075 3348; baseline -0.001 -20"><span class='ocrx_word' id='word_1_308' title='bbox 175 3297 245 3329; x_wconf 86' lang='lat' dir='ltr'>me</span> <span class='ocrx_word' id='word_1_309' title='bbox 283 3285 487 3331; x_wconf 84' lang='lat' dir='ltr'>Alcmaeo</span> <span class='ocrx_word' id='word_1_310' title='bbox 527 3289 604 3332; x_wconf 89' lang='lat' dir='ltr'>uel</span> <span class='ocrx_word' id='word_1_311' title='bbox 641 3287 880 3332; x_wconf 85' lang='lat' dir='ltr'>Alcumaeo</span> <span class='ocrx_word' id='word_1_312' title='bbox 920 3285 1025 3345; x_wconf 90' lang='lat' dir='ltr'>(om.</span> <span class='ocrx_word' id='word_1_313' title='bbox 1055 3284 1138 3348; x_wconf 90' lang='lat' dir='ltr'>me)</span> <span class='ocrx_word' id='word_1_314' title='bbox 1181 3287 1436 3346; x_wconf 76' lang='lat' dir='ltr'>Berqlcius.</span> <span class='ocrx_word' id='word_1_315' title='bbox 1475 3299 1646 3331; x_wconf 88' lang='lat' dir='ltr'>mecum</span> <span class='ocrx_word' id='word_1_316' title='bbox 1684 3298 1820 3345; x_wconf 86' lang='lat' dir='ltr'>agere</span> <span class='ocrx_word' id='word_1_317' title='bbox 1859 3283 2075 3328; x_wconf 79' lang='lat' dir='ltr'>Bueche-</span> 
     </span>
     <span class='ocr_line' id='line_1_38' title="bbox 174 3354 2080 3417; baseline -0.001 -19"><span class='ocrx_word' id='word_1_318' title='bbox 174 3357 318 3401; x_wconf 80' lang='lat' dir='ltr'>lerus.</span> <span class='ocrx_word' id='word_1_319' title='bbox 366 3357 520 3403; x_wconf 84' lang='lat' dir='ltr'>Paulo</span> <span class='ocrx_word' id='word_1_320' title='bbox 550 3360 757 3415; x_wconf 78' lang='lat' dir='ltr'>propius</span> <span class='ocrx_word' id='word_1_321' title='bbox 794 3373 937 3417; x_wconf 85' lang='lat' dir='ltr'>quam</span> <span class='ocrx_word' id='word_1_322' title='bbox 976 3363 1139 3403; x_wconf 85' lang='lat' dir='ltr'>cetera</span> <span class='ocrx_word' id='word_1_323' title='bbox 1180 3358 1240 3402; x_wconf 82' lang='lat' dir='ltr'>ab</span> <span class='ocrx_word' id='word_1_324' title='bbox 1279 3357 1552 3417; x_wconf 78' lang='lat' dir='ltr'>apoqraphz&#39;</span> <span class='ocrx_word' id='word_1_325' title='bbox 1577 3356 1911 3410; x_wconf 76' lang='lat' dir='ltr'>Niebuhriam&#39;,</span> <span class='ocrx_word' id='word_1_326' title='bbox 1954 3354 2080 3412; x_wconf 79' lang='lat' dir='ltr'>quod</span> 
     </span>
     <span class='ocr_line' id='line_1_39' title="bbox 174 3426 2077 3486; baseline -0.002 -16"><span class='ocrx_word' id='word_1_327' title='bbox 174 3426 263 3481; x_wconf 81' lang='lat' dir='ltr'>filii</span> <span class='ocrx_word' id='word_1_328' title='bbox 294 3427 582 3473; x_wconf 82' lang='lat' dir='ltr'>liberalitate</span> <span class='ocrx_word' id='word_1_329' title='bbox 618 3429 731 3472; x_wconf 78' lang='lat' dir='ltr'>mihi</span> <span class='ocrx_word' id='word_1_330' title='bbox 766 3431 1131 3474; x_wconf 82' lang='lat' dir='ltr'>accuratissime</span> <span class='ocrx_word' id='word_1_331' title='bbox 1166 3429 1403 3486; x_wconf 82' lang='lat' dir='ltr'>depictum</span> <span class='ocrx_word' id='word_1_332' title='bbox 1441 3440 1610 3483; x_wconf 81' lang='lat' dir='ltr'>seruo,</span> <span class='ocrx_word' id='word_1_333' title='bbox 1649 3426 1949 3471; x_wconf 83' lang='lat' dir='ltr'>similitudine</span> <span class='ocrx_word' id='word_1_334' title='bbox 1973 3435 2077 3467; x_wconf 90' lang='lat' dir='ltr'>mea</span> 
     </span>
     <span class='ocr_line' id='line_1_40' title="bbox 177 3496 2077 3557; baseline -0.002 -16"><span class='ocrx_word' id='word_1_335' title='bbox 177 3500 395 3552; x_wconf 82' lang='lat' dir='ltr'>quamuis</span> <span class='ocrx_word' id='word_1_336' title='bbox 418 3499 699 3544; x_wconf 84' lang='lat' dir='ltr'>duriuscula</span> <span class='ocrx_word' id='word_1_337' title='bbox 727 3499 896 3544; x_wconf 86' lang='lat' dir='ltr'>abesse</span> <span class='ocrx_word' id='word_1_338' title='bbox 933 3500 1159 3544; x_wconf 85' lang='lat' dir='ltr'>uidentur</span> <span class='ocrx_word' id='word_1_339' title='bbox 1194 3501 1236 3543; x_wconf 90' lang='lat' dir='ltr'>si</span> <span class='ocrx_word' id='word_1_340' title='bbox 1271 3499 1453 3557; x_wconf 84' lang='lat' dir='ltr'>quidem</span> <span class='ocrx_word' id='word_1_341' title='bbox 1479 3501 1526 3542; x_wconf 84' lang='lat' dir='ltr'>in</span> <span class='ocrx_word' id='word_1_342' title='bbox 1565 3498 1805 3556; x_wconf 82' lang='lat' dir='ltr'>sequentis</span> <span class='ocrx_word' id='word_1_343' title='bbox 1843 3496 2077 3538; x_wconf 89' lang='lat' dir='ltr'>uersiculi</span> 
     </span>
     <span class='ocr_line' id='line_1_41' title="bbox 176 3564 2028 3628; baseline 0 -20"><span class='ocrx_word' id='word_1_344' title='bbox 176 3566 308 3611; x_wconf 86' lang='lat' dir='ltr'>initio</span> <span class='ocrx_word' id='word_1_345' title='bbox 333 3566 524 3612; x_wconf 84' lang='lat' dir='ltr'>clamore</span> <span class='ocrx_word' id='word_1_346' title='bbox 550 3569 857 3627; x_wconf 84' lang='lat' dir='ltr'>sequebatur.</span> <span class='ocrx_word' id='word_1_347' title='bbox 933 3582 1002 3613; x_wconf 90' lang='lat' dir='ltr'>me</span> <span class='ocrx_word' id='word_1_348' title='bbox 1029 3575 1316 3628; x_wconf 80' lang='lat' dir='ltr'>expetessens</span> <span class='ocrx_word' id='word_1_349' title='bbox 1344 3575 1375 3612; x_wconf 89' lang='lat' dir='ltr'>t.</span> <span class='ocrx_word' id='word_1_350' title='bbox 1404 3581 1427 3612; x_wconf 90' lang='lat' dir='ltr'>e</span> <span class='ocrx_word' id='word_1_351' title='bbox 1456 3566 1606 3611; x_wconf 78' lang='lat' dir='ltr'>[ectod</span> <span class='ocrx_word' id='word_1_352' title='bbox 1634 3568 1754 3611; x_wconf 81' lang='lat' dir='ltr'>coni.</span> <span class='ocrx_word' id='word_1_353' title='bbox 1789 3564 2028 3609; x_wconf 84' lang='lat' dir='ltr'>Vsenerus</span> 
     </span>
     <span class='ocr_line' id='line_1_42' title="bbox 179 3634 2076 3699; baseline -0.001 -19"><span class='ocrx_word' id='word_1_354' title='bbox 179 3636 322 3680; x_wconf 82' lang='lat' dir='ltr'>exciet</span> <span class='ocrx_word' id='word_1_355' title='bbox 347 3636 588 3698; x_wconf 76' lang='lat' dir='ltr'>Berqlcius</span> <span class='ocrx_word' id='word_1_356' title='bbox 693 3638 791 3685; x_wconf 89' lang='lat'>301</span> <span class='ocrx_word' id='word_1_357' title='bbox 829 3653 1023 3699; x_wconf 83' lang='lat' dir='ltr'>propere</span> <span class='ocrx_word' id='word_1_358' title='bbox 1049 3639 1304 3686; x_wconf 85' lang='lat' dir='ltr'>Mercerus</span> <span class='ocrx_word' id='word_1_359' title='bbox 1340 3638 1521 3697; x_wconf 81' lang='lat' dir='ltr'>proprie</span> <span class='ocrx_word' id='word_1_360' title='bbox 1558 3637 1670 3681; x_wconf 89' lang='lat' dir='ltr'>libri</span> <span class='ocrx_word' id='word_1_361' title='bbox 1774 3647 1918 3678; x_wconf 86' lang='lat' dir='ltr'>meum</span> <span class='ocrx_word' id='word_1_362' title='bbox 1956 3634 2076 3679; x_wconf 82' lang='lat' dir='ltr'>hunc</span> 
     </span>
    </p>
   </div>
  </div>
 </body>
</html>
