<?xml version="1.0" encoding="UTF-8"?>
<!DOCTYPE html PUBLIC "-//W3C//DTD XHTML 1.0 Transitional//EN"
    "http://www.w3.org/TR/xhtml1/DTD/xhtml1-transitional.dtd">
<html xmlns="http://www.w3.org/1999/xhtml" xml:lang="en" lang="en">
 <head>
  <title>
</title>
<meta http-equiv="Content-Type" content="text/html;charset=utf-8" />
  <meta name='ocr-system' content='tesseract 3.04.00' />
  <meta name='ocr-capabilities' content='ocr_page ocr_carea ocr_par ocr_line ocrx_word'/>
</head>
<body>
  <div class='ocr_page' id='page_1' title='image "./scaenicaeromano01ribbuoft_0022.png"; bbox 0 0 2294 3844; ppageno 0'>
   <div class='ocr_carea' id='block_1_1' title="bbox 212 179 1367 234">
    <p class='ocr_par' dir='ltr' id='par_1_1' title="bbox 212 179 1367 234">
     <span class='ocr_line' id='line_1_1' title="bbox 212 179 1367 234; baseline -0.011 0"><span class='ocrx_word' id='word_1_1' title='bbox 212 192 353 234; x_wconf 72' lang='lat' dir='ltr'>XVIII</span> <span class='ocrx_word' id='word_1_2' title='bbox 935 179 1367 226; x_wconf 73' lang='lat' dir='ltr'>coRoLLARIVM</span> 
     </span>
    </p>
   </div>
   <div class='ocr_carea' id='block_1_2' title="bbox 190 313 2099 3553">
    <p class='ocr_par' dir='ltr' id='par_1_2' title="bbox 204 313 2098 1159">
     <span class='ocr_line' id='line_1_2' title="bbox 211 313 2095 382; baseline -0.005 -6"><span class='ocrx_word' id='word_1_3' title='bbox 211 327 352 376; x_wconf 84' lang='lat' dir='ltr'>omni</span> <span class='ocrx_word' id='word_1_4' title='bbox 394 322 728 373; x_wconf 74' lang='lat' dir='ltr'>excusatione</span> <span class='ocrx_word' id='word_1_5' title='bbox 770 322 823 371; x_wconf 91' lang='lat' dir='ltr'>in</span> <span class='ocrx_word' id='word_1_6' title='bbox 865 339 908 370; x_wconf 79' lang='lat' dir='ltr'>v.</span> <span class='ocrx_word' id='word_1_7' title='bbox 950 319 1033 369; x_wconf 70' lang='lat'>29.</span> <span class='ocrx_word' id='word_1_8' title='bbox 1097 313 1468 368; x_wconf 80' lang='lat' dir='ltr'>Removendus</span> <span class='ocrx_word' id='word_1_9' title='bbox 1509 314 1671 381; x_wconf 88' lang='lat' dir='ltr'>igitur</span> <span class='ocrx_word' id='word_1_10' title='bbox 1711 318 1812 382; x_wconf 89' lang='lat' dir='ltr'>est,</span> <span class='ocrx_word' id='word_1_11' title='bbox 1853 314 1944 366; x_wconf 88' lang='lat' dir='ltr'>sed</span> <span class='ocrx_word' id='word_1_12' title='bbox 1983 333 2095 366; x_wconf 91' lang='lat' dir='ltr'>non</span> 
     </span>
     <span class='ocr_line' id='line_1_3' title="bbox 209 402 2096 477; baseline -0.005 -15"><span class='ocrx_word' id='word_1_13' title='bbox 209 412 527 462; x_wconf 72' lang='lat' dir='ltr'>Graecanica</span> <span class='ocrx_word' id='word_1_14' title='bbox 570 428 733 477; x_wconf 84' lang='lat' dir='ltr'>eaque</span> <span class='ocrx_word' id='word_1_15' title='bbox 767 408 1129 459; x_wconf 82' lang='lat' dir='ltr'>Romanorum</span> <span class='ocrx_word' id='word_1_16' title='bbox 1170 422 1389 456; x_wconf 78' lang='lat' dir='ltr'>scaenae</span> <span class='ocrx_word' id='word_1_17' title='bbox 1430 406 1544 453; x_wconf 89' lang='lat' dir='ltr'>tum</span> <span class='ocrx_word' id='word_1_18' title='bbox 1582 403 1825 454; x_wconf 89' lang='lat' dir='ltr'>inaudita</span> <span class='ocrx_word' id='word_1_19' title='bbox 1863 402 2096 454; x_wconf 87' lang='lat' dir='ltr'>nominis</span> 
     </span>
     <span class='ocr_line' id='line_1_4' title="bbox 212 490 2098 564; baseline -0.005 -15"><span class='ocrx_word' id='word_1_20' title='bbox 212 505 377 550; x_wconf 71' lang='lat' dir='ltr'>forma</span> <span class='ocrx_word' id='word_1_21' title='bbox 404 499 645 564; x_wconf 68' lang='lat' dir='ltr'>Apellen.</span> <span class='ocrx_word' id='word_1_22' title='bbox 687 498 748 547; x_wconf 81' lang='lat' dir='ltr'>de</span> <span class='ocrx_word' id='word_1_23' title='bbox 783 514 881 563; x_wconf 89' lang='lat' dir='ltr'>qua</span> <span class='ocrx_word' id='word_1_24' title='bbox 924 494 1025 544; x_wconf 88' lang='lat' dir='ltr'>fuit</span> <span class='ocrx_word' id='word_1_25' title='bbox 1052 493 1140 560; x_wconf 89' lang='lat' dir='ltr'>qui</span> <span class='ocrx_word' id='word_1_26' title='bbox 1174 493 1454 560; x_wconf 76' lang='lat' dir='ltr'>cogitaret,</span> <span class='ocrx_word' id='word_1_27' title='bbox 1495 491 1608 558; x_wconf 90' lang='lat' dir='ltr'>sed,</span> <span class='ocrx_word' id='word_1_28' title='bbox 1648 494 1709 541; x_wconf 90' lang='lat' dir='ltr'>ut</span> <span class='ocrx_word' id='word_1_29' title='bbox 1745 490 1943 557; x_wconf 88' lang='lat' dir='ltr'>optime</span> <span class='ocrx_word' id='word_1_30' title='bbox 1983 507 2098 558; x_wconf 91' lang='lat' dir='ltr'>per-</span> 
     </span>
     <span class='ocr_line' id='line_1_5' title="bbox 209 577 2096 654; baseline -0.003 -21"><span class='ocrx_word' id='word_1_31' title='bbox 209 588 375 654; x_wconf 70' lang='lat' dir='ltr'>spexit</span> <span class='ocrx_word' id='word_1_32' title='bbox 416 586 792 650; x_wconf 79' lang='lat' dir='ltr'>Bueclielerus,</span> <span class='ocrx_word' id='word_1_33' title='bbox 839 583 991 633; x_wconf 86' lang='lat' dir='ltr'>initio</span> <span class='ocrx_word' id='word_1_34' title='bbox 1042 600 1222 632; x_wconf 77' lang='lat' dir='ltr'>versus</span> <span class='ocrx_word' id='word_1_35' title='bbox 1264 579 1535 648; x_wconf 82' lang='lat' dir='ltr'>explendo.</span> <span class='ocrx_word' id='word_1_36' title='bbox 1621 577 1798 645; x_wconf 91' lang='lat' dir='ltr'>Atque</span> <span class='ocrx_word' id='word_1_37' title='bbox 1837 579 1978 629; x_wconf 92' lang='lat' dir='ltr'>ultro</span> <span class='ocrx_word' id='word_1_38' title='bbox 2018 578 2096 628; x_wconf 92' lang='lat' dir='ltr'>in-</span> 
     </span>
     <span class='ocr_line' id='line_1_6' title="bbox 206 666 2097 739; baseline -0.004 -15"><span class='ocrx_word' id='word_1_39' title='bbox 206 675 568 724; x_wconf 78' lang='lat' dir='ltr'>teriectionem</span> <span class='ocrx_word' id='word_1_40' title='bbox 609 674 839 739; x_wconf 80' lang='lat' dir='ltr'>aliquam</span> <span class='ocrx_word' id='word_1_41' title='bbox 880 670 1257 721; x_wconf 78' lang='lat' dir='ltr'>desideramus:</span> <span class='ocrx_word' id='word_1_42' title='bbox 1306 686 1366 720; x_wconf 70' lang='lat' dir='ltr'>en</span> <span class='ocrx_word' id='word_1_43' title='bbox 1407 667 1616 736; x_wconf 91' lang='lat' dir='ltr'>quidem</span> <span class='ocrx_word' id='word_1_44' title='bbox 1651 667 1823 718; x_wconf 89' lang='lat' dir='ltr'>aliena</span> <span class='ocrx_word' id='word_1_45' title='bbox 1849 667 1915 717; x_wconf 90' lang='lat' dir='ltr'>ab</span> <span class='ocrx_word' id='word_1_46' title='bbox 1955 666 2097 717; x_wconf 91' lang='lat' dir='ltr'>illius</span> 
     </span>
     <span class='ocr_line' id='line_1_7' title="bbox 206 754 2097 825; baseline -0.003 -14"><span class='ocrx_word' id='word_1_47' title='bbox 206 762 393 811; x_wconf 82' lang='lat' dir='ltr'>aetatis</span> <span class='ocrx_word' id='word_1_48' title='bbox 428 759 830 825; x_wconf 84' lang='lat' dir='ltr'>consuetudine,</span> <span class='ocrx_word' id='word_1_49' title='bbox 870 776 941 808; x_wconf 68' lang='lat' dir='ltr'>vm</span> <span class='ocrx_word' id='word_1_50' title='bbox 970 776 1165 809; x_wconf 86' lang='lat' dir='ltr'>novum</span> <span class='ocrx_word' id='word_1_51' title='bbox 1201 757 1374 808; x_wconf 87' lang='lat' dir='ltr'>versui</span> <span class='ocrx_word' id='word_1_52' title='bbox 1413 755 1619 806; x_wconf 87' lang='lat' dir='ltr'>hiatum</span> <span class='ocrx_word' id='word_1_53' title='bbox 1651 754 1868 822; x_wconf 89' lang='lat' dir='ltr'>inferat,</span> <span class='ocrx_word' id='word_1_54' title='bbox 1905 754 2097 806; x_wconf 87' lang='lat' dir='ltr'>tolera-</span> 
     </span>
     <span class='ocr_line' id='line_1_8' title="bbox 207 843 2098 915; baseline -0.003 -17"><span class='ocrx_word' id='word_1_55' title='bbox 207 849 361 898; x_wconf 83' lang='lat' dir='ltr'>bilem</span> <span class='ocrx_word' id='word_1_56' title='bbox 403 866 550 915; x_wconf 81' lang='lat' dir='ltr'>sane,</span> <span class='ocrx_word' id='word_1_57' title='bbox 591 847 679 897; x_wconf 88' lang='lat' dir='ltr'>sed</span> <span class='ocrx_word' id='word_1_58' title='bbox 707 847 795 914; x_wconf 90' lang='lat' dir='ltr'>qui</span> <span class='ocrx_word' id='word_1_59' title='bbox 820 850 1000 896; x_wconf 87' lang='lat' dir='ltr'>tamen</span> <span class='ocrx_word' id='word_1_60' title='bbox 1026 846 1181 896; x_wconf 89' lang='lat' dir='ltr'>vitari</span> <span class='ocrx_word' id='word_1_61' title='bbox 1214 845 1404 912; x_wconf 88' lang='lat' dir='ltr'>possit,</span> <span class='ocrx_word' id='word_1_62' title='bbox 1445 844 1488 894; x_wconf 91' lang='lat' dir='ltr'>si</span> <span class='ocrx_word' id='word_1_63' title='bbox 1529 845 1609 894; x_wconf 80' lang='lat' dir='ltr'>vel</span> <span class='ocrx_word' id='word_1_64' title='bbox 1651 861 1751 895; x_wconf 76' lang='lat' dir='ltr'>ecce</span> <span class='ocrx_word' id='word_1_65' title='bbox 1782 843 1863 894; x_wconf 85' lang='lat' dir='ltr'>vel</span> <span class='ocrx_word' id='word_1_66' title='bbox 1905 859 2098 894; x_wconf 78' lang='lat' dir='ltr'>eccum</span> 
     </span>
     <span class='ocr_line' id='line_1_9' title="bbox 204 932 1559 1002; baseline -0.001 -18"><span class='ocrx_word' id='word_1_67' title='bbox 204 935 475 999; x_wconf 84' lang='lat' dir='ltr'>eligamus.</span> <span class='ocrx_word' id='word_1_68' title='bbox 555 933 837 1002; x_wconf 80' lang='lat' dir='ltr'>Scripsisse</span> <span class='ocrx_word' id='word_1_69' title='bbox 878 933 1041 1001; x_wconf 89' lang='lat' dir='ltr'>igitur</span> <span class='ocrx_word' id='word_1_70' title='bbox 1079 933 1316 983; x_wconf 87' lang='lat' dir='ltr'>Ennium</span> <span class='ocrx_word' id='word_1_71' title='bbox 1357 932 1559 983; x_wconf 90' lang='lat' dir='ltr'>conicio</span> 
     </span>
     <span class='ocr_line' id='line_1_10' title="bbox 673 1018 1625 1087; baseline 0 -17"><span class='ocrx_word' id='word_1_72' title='bbox 673 1039 853 1071; x_wconf 90' lang='lat' dir='ltr'>eccum</span> <span class='ocrx_word' id='word_1_73' title='bbox 893 1019 1126 1071; x_wconf 81' lang='lat' dir='ltr'>intendit</span> <span class='ocrx_word' id='word_1_74' title='bbox 1166 1018 1389 1071; x_wconf 81' lang='lat' dir='ltr'>crinitus</span> <span class='ocrx_word' id='word_1_75' title='bbox 1431 1019 1625 1087; x_wconf 83' lang='lat' dir='ltr'>Apollo</span> 
     </span>
     <span class='ocr_line' id='line_1_11' title="bbox 671 1111 1137 1159; baseline -0.004 0"><span class='ocrx_word' id='word_1_76' title='bbox 671 1126 851 1159; x_wconf 91' lang='lat' dir='ltr'>arcum</span> <span class='ocrx_word' id='word_1_77' title='bbox 892 1111 1137 1158; x_wconf 75' lang='lat' dir='ltr'>auratum</span> 
     </span>
    </p>

    <p class='ocr_par' dir='ltr' id='par_1_3' title="bbox 190 1195 2099 3293">
     <span class='ocr_line' id='line_1_12' title="bbox 347 1195 2097 1264; baseline -0.001 -16"><span class='ocrx_word' id='word_1_78' title='bbox 347 1196 447 1248; x_wconf 75' lang='lat' dir='ltr'>Sed</span> <span class='ocrx_word' id='word_1_79' title='bbox 495 1215 628 1264; x_wconf 90' lang='lat' dir='ltr'>quae</span> <span class='ocrx_word' id='word_1_80' title='bbox 676 1196 858 1246; x_wconf 89' lang='lat' dir='ltr'>statim</span> <span class='ocrx_word' id='word_1_81' title='bbox 906 1198 1155 1245; x_wconf 84' lang='lat' dir='ltr'>secuntur</span> <span class='ocrx_word' id='word_1_82' title='bbox 1211 1195 1333 1245; x_wconf 74' lang='lat' dir='ltr'>Imm</span> <span class='ocrx_word' id='word_1_83' title='bbox 1380 1196 1594 1246; x_wconf 47' lang='lat' dir='ltr'>&amp;miscus</span> <span class='ocrx_word' id='word_1_84' title='bbox 1643 1213 1773 1245; x_wconf 90' lang='lat' dir='ltr'>sana</span> <span class='ocrx_word' id='word_1_85' title='bbox 1822 1213 1934 1246; x_wconf 90' lang='lat' dir='ltr'>esse</span> <span class='ocrx_word' id='word_1_86' title='bbox 1985 1214 2097 1247; x_wconf 91' lang='lat' dir='ltr'>non</span> 
     </span>
     <span class='ocr_line' id='line_1_13' title="bbox 197 1282 2098 1352; baseline -0.001 -17"><span class='ocrx_word' id='word_1_87' title='bbox 197 1289 436 1352; x_wconf 76' lang='lat' dir='ltr'>possunt.</span> <span class='ocrx_word' id='word_1_88' title='bbox 520 1283 661 1335; x_wconf 84' lang='lat' dir='ltr'>Nam</span> <span class='ocrx_word' id='word_1_89' title='bbox 718 1284 816 1334; x_wconf 88' lang='lat' dir='ltr'>etsi</span> <span class='ocrx_word' id='word_1_90' title='bbox 871 1287 1147 1334; x_wconf 86' lang='lat' dir='ltr'>curvatum</span> <span class='ocrx_word' id='word_1_91' title='bbox 1202 1283 1255 1333; x_wconf 90' lang='lat' dir='ltr'>in</span> <span class='ocrx_word' id='word_1_92' title='bbox 1311 1283 1469 1333; x_wconf 91' lang='lat' dir='ltr'>lunae</span> <span class='ocrx_word' id='word_1_93' title='bbox 1516 1282 1746 1334; x_wconf 84' lang='lat' dir='ltr'>formam</span> <span class='ocrx_word' id='word_1_94' title='bbox 1793 1300 1974 1333; x_wconf 87' lang='lat' dir='ltr'>arcum</span> <span class='ocrx_word' id='word_1_95' title='bbox 2019 1284 2098 1334; x_wconf 84' lang='lat' dir='ltr'>in-</span> 
     </span>
     <span class='ocr_line' id='line_1_14' title="bbox 198 1369 2099 1442; baseline -0.002 -17"><span class='ocrx_word' id='word_1_96' title='bbox 198 1374 419 1442; x_wconf 86' lang='lat' dir='ltr'>tellegas</span> <span class='ocrx_word' id='word_1_97' title='bbox 469 1374 667 1435; x_wconf 64' lang='lat' dir='ltr'>lunam,</span> <span class='ocrx_word' id='word_1_98' title='bbox 715 1375 776 1422; x_wconf 86' lang='lat' dir='ltr'>ut</span> <span class='ocrx_word' id='word_1_99' title='bbox 822 1372 1021 1423; x_wconf 54' lang='lat' dir='ltr'>limavit</span> <span class='ocrx_word' id='word_1_100' title='bbox 1061 1413 1069 1421; x_wconf 95' lang='lat'>.</span> <span class='ocrx_word' id='word_1_101' title='bbox 1105 1413 1114 1421; x_wconf 96' lang='lat'>.</span> <span class='ocrx_word' id='word_1_102' title='bbox 1156 1387 1332 1422; x_wconf 72' lang='lat' dir='ltr'>arcum</span> <span class='ocrx_word' id='word_1_103' title='bbox 1372 1369 1590 1422; x_wconf 87' lang='lat' dir='ltr'>Ovidius</span> <span class='ocrx_word' id='word_1_104' title='bbox 1640 1389 1802 1422; x_wconf 89' lang='lat' dir='ltr'>amor.</span> <span class='ocrx_word' id='word_1_105' title='bbox 1842 1370 1867 1421; x_wconf 94' lang='lat' dir='ltr'>I</span> <span class='ocrx_word' id='word_1_106' title='bbox 1912 1373 1963 1439; x_wconf 89' lang='lat'>1,</span> <span class='ocrx_word' id='word_1_107' title='bbox 2011 1372 2099 1439; x_wconf 75' lang='lat'>23,</span> 
     </span>
     <span class='ocr_line' id='line_1_15' title="bbox 198 1458 2095 1528; baseline -0.001 -16"><span class='ocrx_word' id='word_1_108' title='bbox 198 1464 330 1513; x_wconf 79' lang='lat' dir='ltr'>acics</span> <span class='ocrx_word' id='word_1_109' title='bbox 371 1505 379 1513; x_wconf 93' lang='lat'>.</span> <span class='ocrx_word' id='word_1_110' title='bbox 415 1504 423 1512; x_wconf 95' lang='lat'>.</span> <span class='ocrx_word' id='word_1_111' title='bbox 465 1462 661 1513; x_wconf 74' lang='lat' dir='ltr'>Nereus</span> <span class='ocrx_word' id='word_1_112' title='bbox 707 1461 918 1511; x_wconf 70' lang='lat' dir='ltr'>lunarat</span> <span class='ocrx_word' id='word_1_113' title='bbox 961 1461 1017 1510; x_wconf 64' lang='lat' dir='ltr'>iu.</span> <span class='ocrx_word' id='word_1_114' title='bbox 1069 1476 1219 1511; x_wconf 71' lang='lat' dir='ltr'>arcus</span> <span class='ocrx_word' id='word_1_115' title='bbox 1257 1458 1565 1526; x_wconf 79' lang='lat' dir='ltr'>Propertius</span> <span class='ocrx_word' id='word_1_116' title='bbox 1605 1458 1684 1511; x_wconf 83' lang='lat' dir='ltr'>IV</span> <span class='ocrx_word' id='word_1_117' title='bbox 1727 1460 1782 1526; x_wconf 80' lang='lat'>6,</span> <span class='ocrx_word' id='word_1_118' title='bbox 1822 1459 1893 1511; x_wconf 78' lang='lat'>25</span> <span class='ocrx_word' id='word_1_119' title='bbox 1935 1461 2095 1528; x_wconf 89' lang='lat' dir='ltr'>scrip-</span> 
     </span>
     <span class='ocr_line' id='line_1_16' title="bbox 198 1547 2096 1618; baseline -0.001 -17"><span class='ocrx_word' id='word_1_120' title='bbox 198 1554 402 1618; x_wconf 90' lang='lat' dir='ltr'>serunt,</span> <span class='ocrx_word' id='word_1_121' title='bbox 441 1554 621 1603; x_wconf 90' lang='lat' dir='ltr'>tamen</span> <span class='ocrx_word' id='word_1_122' title='bbox 652 1549 866 1600; x_wconf 58' lang='lat' dir='ltr'>{nolimus</span> <span class='ocrx_word' id='word_1_123' title='bbox 898 1566 1022 1599; x_wconf 90' lang='lat' dir='ltr'>arcu</span> <span class='ocrx_word' id='word_1_124' title='bbox 1064 1548 1153 1615; x_wconf 88' lang='lat' dir='ltr'>qui</span> <span class='ocrx_word' id='word_1_125' title='bbox 1192 1547 1423 1598; x_wconf 87' lang='lat' dir='ltr'>intendit</span> <span class='ocrx_word' id='word_1_126' title='bbox 1456 1548 1709 1616; x_wconf 79' lang='lat' dir='ltr'>sagittam</span> <span class='ocrx_word' id='word_1_127' title='bbox 1750 1548 1850 1598; x_wconf 89' lang='lat' dir='ltr'>dici</span> <span class='ocrx_word' id='word_1_128' title='bbox 1889 1550 2096 1616; x_wconf 89' lang='lat' dir='ltr'>nequit:</span> 
     </span>
     <span class='ocr_line' id='line_1_17' title="bbox 198 1636 2096 1705; baseline -0.001 -16"><span class='ocrx_word' id='word_1_129' title='bbox 198 1639 478 1689; x_wconf 83' lang='lat' dir='ltr'>innitimur</span> <span class='ocrx_word' id='word_1_130' title='bbox 524 1638 687 1688; x_wconf 90' lang='lat' dir='ltr'>humo</span> <span class='ocrx_word' id='word_1_131' title='bbox 736 1637 869 1704; x_wconf 90' lang='lat' dir='ltr'>pede</span> <span class='ocrx_word' id='word_1_132' title='bbox 917 1636 1105 1687; x_wconf 87' lang='lat' dir='ltr'>calceis</span> <span class='ocrx_word' id='word_1_133' title='bbox 1154 1653 1294 1704; x_wconf 84' lang='lat' dir='ltr'>genu</span> <span class='ocrx_word' id='word_1_134' title='bbox 1341 1636 1531 1687; x_wconf 90' lang='lat' dir='ltr'>baculo</span> <span class='ocrx_word' id='word_1_135' title='bbox 1580 1637 1758 1703; x_wconf 89' lang='lat' dir='ltr'>hasta,</span> <span class='ocrx_word' id='word_1_136' title='bbox 1813 1655 1936 1688; x_wconf 87' lang='lat' dir='ltr'>aves</span> <span class='ocrx_word' id='word_1_137' title='bbox 1985 1638 2096 1705; x_wconf 81' lang='lat' dir='ltr'>alis,</span> 
     </span>
     <span class='ocr_line' id='line_1_18' title="bbox 199 1724 2095 1792; baseline 0.001 -18"><span class='ocrx_word' id='word_1_138' title='bbox 199 1725 434 1776; x_wconf 89' lang='lat' dir='ltr'>aedificia</span> <span class='ocrx_word' id='word_1_139' title='bbox 483 1725 845 1776; x_wconf 87' lang='lat' dir='ltr'>fundamentis</span> <span class='ocrx_word' id='word_1_140' title='bbox 893 1725 1174 1792; x_wconf 88' lang='lat' dir='ltr'>columnis,</span> <span class='ocrx_word' id='word_1_141' title='bbox 1215 1725 1430 1776; x_wconf 88' lang='lat' dir='ltr'>arbores</span> <span class='ocrx_word' id='word_1_142' title='bbox 1470 1724 1758 1792; x_wconf 79' lang='lat' dir='ltr'>radicibus3</span> <span class='ocrx_word' id='word_1_143' title='bbox 1806 1725 2095 1776; x_wconf 87' lang='lat' dir='ltr'>absurdum</span> 
     </span>
     <span class='ocr_line' id='line_1_19' title="bbox 198 1812 2094 1865; baseline 0.001 -2"><span class='ocrx_word' id='word_1_144' title='bbox 198 1813 341 1863; x_wconf 87' lang='lat' dir='ltr'>illud.</span> <span class='ocrx_word' id='word_1_145' title='bbox 418 1812 584 1864; x_wconf 87' lang='lat' dir='ltr'>Paulo</span> <span class='ocrx_word' id='word_1_146' title='bbox 631 1813 962 1865; x_wconf 88' lang='lat' dir='ltr'>tolerabilius</span> <span class='ocrx_word' id='word_1_147' title='bbox 1011 1813 1199 1863; x_wconf 90' lang='lat' dir='ltr'>saltem</span> <span class='ocrx_word' id='word_1_148' title='bbox 1245 1813 1454 1864; x_wconf 87' lang='lat' dir='ltr'>videtur</span> <span class='ocrx_word' id='word_1_149' title='bbox 1504 1814 1629 1864; x_wconf 66' lang='lat' dir='ltr'>{mm</span> <span class='ocrx_word' id='word_1_150' title='bbox 1674 1814 1867 1865; x_wconf 70' lang='lat' dir='ltr'>enixus.</span> <span class='ocrx_word' id='word_1_151' title='bbox 1952 1812 2094 1865; x_wconf 90' lang='lat' dir='ltr'>Nam</span> 
     </span>
     <span class='ocr_line' id='line_1_20' title="bbox 199 1901 2094 1969; baseline 0.001 -18"><span class='ocrx_word' id='word_1_152' title='bbox 199 1902 329 1951; x_wconf 86' lang='lat' dir='ltr'>eniti</span> <span class='ocrx_word' id='word_1_153' title='bbox 376 1906 427 1951; x_wconf 90' lang='lat' dir='ltr'>et</span> <span class='ocrx_word' id='word_1_154' title='bbox 476 1901 795 1952; x_wconf 84' lang='lat' dir='ltr'>contendere</span> <span class='ocrx_word' id='word_1_155' title='bbox 844 1919 964 1952; x_wconf 92' lang='lat' dir='ltr'>cum</span> <span class='ocrx_word' id='word_1_156' title='bbox 1012 1918 1167 1968; x_wconf 88' lang='lat' dir='ltr'>saepe</span> <span class='ocrx_word' id='word_1_157' title='bbox 1207 1902 1522 1969; x_wconf 88' lang='lat' dir='ltr'>iungantur,</span> <span class='ocrx_word' id='word_1_158' title='bbox 1578 1902 1667 1968; x_wconf 89' lang='lat' dir='ltr'>qui</span> <span class='ocrx_word' id='word_1_159' title='bbox 1715 1901 1926 1952; x_wconf 89' lang='lat' dir='ltr'>derecta</span> <span class='ocrx_word' id='word_1_160' title='bbox 1973 1920 2094 1954; x_wconf 92' lang='lat' dir='ltr'>ocu-</span> 
     </span>
     <span class='ocr_line' id='line_1_21' title="bbox 197 1989 2095 2058; baseline 0.002 -19"><span class='ocrx_word' id='word_1_161' title='bbox 197 1989 368 2039; x_wconf 90' lang='lat' dir='ltr'>lorum</span> <span class='ocrx_word' id='word_1_162' title='bbox 433 1990 542 2040; x_wconf 89' lang='lat' dir='ltr'>acie</span> <span class='ocrx_word' id='word_1_163' title='bbox 602 2008 663 2041; x_wconf 80' lang='lat' dir='ltr'>ex</span> <span class='ocrx_word' id='word_1_164' title='bbox 726 1993 942 2041; x_wconf 79' lang='lat' dir='ltr'>curvato</span> <span class='ocrx_word' id='word_1_165' title='bbox 1000 2007 1123 2040; x_wconf 91' lang='lat' dir='ltr'>arcu</span> <span class='ocrx_word' id='word_1_166' title='bbox 1187 1989 1383 2040; x_wconf 91' lang='lat' dir='ltr'>emittit</span> <span class='ocrx_word' id='word_1_167' title='bbox 1445 1990 1721 2058; x_wconf 78' lang='lat' dir='ltr'>sagittam,</span> <span class='ocrx_word' id='word_1_168' title='bbox 1782 1990 1913 2041; x_wconf 90' lang='lat' dir='ltr'>eniti</span> <span class='ocrx_word' id='word_1_169' title='bbox 1966 1991 2095 2042; x_wconf 86' lang='lat' dir='ltr'>luna-</span> 
     </span>
     <span class='ocr_line' id='line_1_22' title="bbox 198 2075 2092 2147; baseline 0.002 -20"><span class='ocrx_word' id='word_1_170' title='bbox 198 2077 417 2128; x_wconf 85' lang='lat' dir='ltr'>artificio</span> <span class='ocrx_word' id='word_1_171' title='bbox 461 2077 688 2144; x_wconf 90' lang='lat' dir='ltr'>quodam</span> <span class='ocrx_word' id='word_1_172' title='bbox 730 2077 832 2128; x_wconf 88' lang='lat' dir='ltr'>dici</span> <span class='ocrx_word' id='word_1_173' title='bbox 871 2096 1025 2145; x_wconf 90' lang='lat' dir='ltr'>posse</span> <span class='ocrx_word' id='word_1_174' title='bbox 1066 2077 1289 2128; x_wconf 85' lang='lat' dir='ltr'>videtur.</span> <span class='ocrx_word' id='word_1_175' title='bbox 1367 2075 1701 2145; x_wconf 83' lang='lat' dir='ltr'>Quamquam</span> <span class='ocrx_word' id='word_1_176' title='bbox 1739 2077 1842 2130; x_wconf 90' lang='lat' dir='ltr'>hoc</span> <span class='ocrx_word' id='word_1_177' title='bbox 1883 2096 2092 2147; x_wconf 89' lang='lat' dir='ltr'>quoque</span> 
     </span>
     <span class='ocr_line' id='line_1_23' title="bbox 196 2164 2093 2236; baseline 0.002 -21"><span class='ocrx_word' id='word_1_178' title='bbox 196 2164 408 2215; x_wconf 84' lang='lat' dir='ltr'>difficile</span> <span class='ocrx_word' id='word_1_179' title='bbox 434 2169 485 2215; x_wconf 90' lang='lat' dir='ltr'>et</span> <span class='ocrx_word' id='word_1_180' title='bbox 510 2166 823 2232; x_wconf 87' lang='lat' dir='ltr'>quaesitum.</span> <span class='ocrx_word' id='word_1_181' title='bbox 869 2165 982 2216; x_wconf 89' lang='lat' dir='ltr'>Nec</span> <span class='ocrx_word' id='word_1_182' title='bbox 1009 2166 1111 2216; x_wconf 88' lang='lat' dir='ltr'>alia</span> <span class='ocrx_word' id='word_1_183' title='bbox 1138 2165 1420 2233; x_wconf 81' lang='lat' dir='ltr'>quaedam,</span> <span class='ocrx_word' id='word_1_184' title='bbox 1446 2184 1580 2233; x_wconf 90' lang='lat' dir='ltr'>quae</span> <span class='ocrx_word' id='word_1_185' title='bbox 1605 2167 1886 2235; x_wconf 87' lang='lat' dir='ltr'>temptavi,</span> <span class='ocrx_word' id='word_1_186' title='bbox 1920 2168 2093 2236; x_wconf 87' lang='lat' dir='ltr'>magis</span> 
     </span>
     <span class='ocr_line' id='line_1_24' title="bbox 194 2244 2092 2322; baseline 0.002 -19"><span class='ocrx_word' id='word_1_187' title='bbox 194 2253 425 2319; x_wconf 87' lang='lat' dir='ltr'>placent:</span> <span class='ocrx_word' id='word_1_188' title='bbox 467 2272 507 2304; x_wconf 91' lang='lat' dir='ltr'>e.</span> <span class='ocrx_word' id='word_1_189' title='bbox 534 2272 573 2304; x_wconf 90' lang='lat' dir='ltr'>c.</span> <span class='ocrx_word' id='word_1_190' title='bbox 609 2255 759 2305; x_wconf 56' lang='lat' dir='ltr'>limae</span> <span class='ocrx_word' id='word_1_191' title='bbox 788 2255 848 2311; x_wconf 31' lang='lat' dir='ltr'>in,</span> <span class='ocrx_word' id='word_1_192' title='bbox 877 2254 1065 2319; x_wconf 68' lang='lat' dir='ltr'>flexum</span> <span class='ocrx_word' id='word_1_193' title='bbox 1097 2254 1180 2305; x_wconf 87' lang='lat' dir='ltr'>vel</span> <span class='ocrx_word' id='word_1_194' title='bbox 1214 2254 1338 2304; x_wconf 68' lang='lat' dir='ltr'>luna</span> <span class='ocrx_word' id='word_1_195' title='bbox 1373 2253 1640 2318; x_wconf 68' lang='lat' dir='ltr'>inflexum,</span> <span class='ocrx_word' id='word_1_196' title='bbox 1674 2244 1793 2306; x_wconf 89' lang='lat' dir='ltr'>cum</span> <span class='ocrx_word' id='word_1_197' title='bbox 1825 2255 2092 2322; x_wconf 88' lang='lat' dir='ltr'>prioribus</span> 
     </span>
     <span class='ocr_line' id='line_1_25' title="bbox 195 2341 2092 2412; baseline 0.003 -21"><span class='ocrx_word' id='word_1_198' title='bbox 195 2342 580 2409; x_wconf 88' lang='lat' dir='ltr'>coniungenda.</span> <span class='ocrx_word' id='word_1_199' title='bbox 628 2341 703 2392; x_wconf 90' lang='lat' dir='ltr'>At</span> <span class='ocrx_word' id='word_1_200' title='bbox 727 2342 942 2393; x_wconf 90' lang='lat' dir='ltr'>minime</span> <span class='ocrx_word' id='word_1_201' title='bbox 976 2342 1157 2410; x_wconf 90' lang='lat' dir='ltr'>inepte</span> <span class='ocrx_word' id='word_1_202' title='bbox 1181 2341 1539 2410; x_wconf 88' lang='lat' dir='ltr'>Kiesslingius</span> <span class='ocrx_word' id='word_1_203' title='bbox 1566 2343 1629 2393; x_wconf 90' lang='lat' dir='ltr'>ad</span> <span class='ocrx_word' id='word_1_204' title='bbox 1656 2342 1888 2394; x_wconf 87' lang='lat' dir='ltr'>Dianam</span> <span class='ocrx_word' id='word_1_205' title='bbox 1913 2345 2092 2412; x_wconf 92' lang='lat' dir='ltr'>potius</span> 
     </span>
     <span class='ocr_line' id='line_1_26' title="bbox 194 2428 2092 2500; baseline 0.003 -22"><span class='ocrx_word' id='word_1_206' title='bbox 194 2428 377 2479; x_wconf 84' lang='lat' dir='ltr'>referri</span> <span class='ocrx_word' id='word_1_207' title='bbox 417 2430 629 2480; x_wconf 80' lang='lat' dir='ltr'>volebat</span> <span class='ocrx_word' id='word_1_208' title='bbox 675 2431 876 2481; x_wconf 86' lang='lat' dir='ltr'>lunam:</span> <span class='ocrx_word' id='word_1_209' title='bbox 910 2434 984 2500; x_wconf 51' lang='lat' dir='ltr'>¹ut</span> <span class='ocrx_word' id='word_1_210' title='bbox 1022 2430 1219 2499; x_wconf 88' lang='lat' dir='ltr'>Apollo</span> <span class='ocrx_word' id='word_1_211' title='bbox 1260 2431 1506 2499; x_wconf 85' lang='lat' dir='ltr'>crinitus,</span> <span class='ocrx_word' id='word_1_212' title='bbox 1555 2431 1627 2482; x_wconf 88' lang='lat' dir='ltr'>sic</span> <span class='ocrx_word' id='word_1_213' title='bbox 1674 2431 1822 2483; x_wconf 88' lang='lat' dir='ltr'>illam</span> <span class='ocrx_word' id='word_1_214' title='bbox 1860 2433 1989 2484; x_wconf 90' lang='lat' dir='ltr'>luna</span> <span class='ocrx_word' id='word_1_215' title='bbox 2034 2434 2092 2484; x_wconf 90' lang='lat' dir='ltr'>in</span> 
     </span>
     <span class='ocr_line' id='line_1_27' title="bbox 195 2518 2089 2586; baseline 0.003 -20"><span class='ocrx_word' id='word_1_216' title='bbox 195 2518 365 2583; x_wconf 84' lang='lat' dir='ltr'>capite</span> <span class='ocrx_word' id='word_1_217' title='bbox 414 2522 657 2569; x_wconf 86' lang='lat' dir='ltr'>ornatam</span> <span class='ocrx_word' id='word_1_218' title='bbox 711 2519 1017 2586; x_wconf 88' lang='lat' dir='ltr'>praedicari.</span> <span class='ocrx_word' id='word_1_219' title='bbox 1096 2518 1212 2580; x_wconf 74' lang='lat' dir='ltr'>Quo</span> <span class='ocrx_word' id='word_1_220' title='bbox 1269 2537 1426 2570; x_wconf 89' lang='lat' dir='ltr'>sensu</span> <span class='ocrx_word' id='word_1_221' title='bbox 1474 2519 1592 2571; x_wconf 83' lang='lat' dir='ltr'>vide</span> <span class='ocrx_word' id='word_1_222' title='bbox 1649 2538 1718 2570; x_wconf 92' lang='lat' dir='ltr'>an</span> <span class='ocrx_word' id='word_1_223' title='bbox 1763 2519 1940 2571; x_wconf 89' lang='lat' dir='ltr'>Diana</span> <span class='ocrx_word' id='word_1_224' title='bbox 1987 2521 2089 2572; x_wconf 88' lang='lat' dir='ltr'>dici</span> 
     </span>
     <span class='ocr_line' id='line_1_28' title="bbox 194 2605 2088 2677; baseline 0.003 -23"><span class='ocrx_word' id='word_1_225' title='bbox 194 2605 362 2671; x_wconf 85' lang='lat' dir='ltr'>possit</span> <span class='ocrx_word' id='word_1_226' title='bbox 403 2606 482 2656; x_wconf 77' lang='lat' dir='ltr'>vel</span> <span class='ocrx_word' id='word_1_227' title='bbox 532 2606 656 2657; x_wconf 77' lang='lat' dir='ltr'>Imm</span> <span class='ocrx_word' id='word_1_228' title='bbox 695 2609 915 2671; x_wconf 64' lang='lat' dir='ltr'>meiana,</span> <span class='ocrx_word' id='word_1_229' title='bbox 965 2608 1073 2659; x_wconf 90' lang='lat' dir='ltr'>scil.</span> <span class='ocrx_word' id='word_1_230' title='bbox 1112 2608 1312 2659; x_wconf 91' lang='lat' dir='ltr'>lumine</span> <span class='ocrx_word' id='word_1_231' title='bbox 1359 2609 1541 2677; x_wconf 92' lang='lat' dir='ltr'>lunae,</span> <span class='ocrx_word' id='word_1_232' title='bbox 1589 2612 1649 2659; x_wconf 92' lang='lat' dir='ltr'>ut</span> <span class='ocrx_word' id='word_1_233' title='bbox 1687 2609 1950 2660; x_wconf 85' lang='lat' dir='ltr'>nictantia</span> <span class='ocrx_word' id='word_1_234' title='bbox 1987 2609 2088 2660; x_wconf 87' lang='lat' dir='ltr'>ful-</span> 
     </span>
     <span class='ocr_line' id='line_1_29' title="bbox 194 2694 2087 2765; baseline 0.004 -24"><span class='ocrx_word' id='word_1_235' title='bbox 194 2709 325 2760; x_wconf 85' lang='lat' dir='ltr'>gura</span> <span class='ocrx_word' id='word_1_236' title='bbox 359 2694 498 2760; x_wconf 87' lang='lat' dir='ltr'>apud</span> <span class='ocrx_word' id='word_1_237' title='bbox 540 2694 842 2746; x_wconf 88' lang='lat' dir='ltr'>Lucretium</span> <span class='ocrx_word' id='word_1_238' title='bbox 874 2696 953 2748; x_wconf 90' lang='lat' dir='ltr'>VI</span> <span class='ocrx_word' id='word_1_239' title='bbox 990 2698 1115 2765; x_wconf 75' lang='lat'>182,</span> <span class='ocrx_word' id='word_1_240' title='bbox 1154 2698 1238 2749; x_wconf 83' lang='lat' dir='ltr'>vel</span> <span class='ocrx_word' id='word_1_241' title='bbox 1279 2698 1460 2749; x_wconf 73' lang='lat' dir='ltr'>meta</span> <span class='ocrx_word' id='word_1_242' title='bbox 1490 2698 1698 2749; x_wconf 70' lang='lat' dir='ltr'>mica-223.</span> <span class='ocrx_word' id='word_1_243' title='bbox 1746 2695 1823 2747; x_wconf 91' lang='lat' dir='ltr'>Ut</span> <span class='ocrx_word' id='word_1_244' title='bbox 1854 2696 2087 2748; x_wconf 89' lang='lat' dir='ltr'>frontem</span> 
     </span>
     <span class='ocr_line' id='line_1_30' title="bbox 193 2780 2089 2854; baseline 0.004 -25"><span class='ocrx_word' id='word_1_245' title='bbox 193 2780 399 2831; x_wconf 80' lang='lat' dir='ltr'>iuvenci</span> <span class='ocrx_word' id='word_1_246' title='bbox 441 2786 492 2832; x_wconf 87' lang='lat' dir='ltr'>et</span> <span class='ocrx_word' id='word_1_247' title='bbox 539 2784 729 2850; x_wconf 87' lang='lat' dir='ltr'>pellem</span> <span class='ocrx_word' id='word_1_248' title='bbox 778 2785 938 2836; x_wconf 88' lang='lat' dir='ltr'>calcei</span> <span class='ocrx_word' id='word_1_249' title='bbox 985 2786 1228 2837; x_wconf 89' lang='lat' dir='ltr'>lunatam</span> <span class='ocrx_word' id='word_1_250' title='bbox 1276 2786 1701 2854; x_wconf 84' lang='lat' dir='ltr'>appellaverunt,</span> <span class='ocrx_word' id='word_1_251' title='bbox 1749 2802 1883 2852; x_wconf 89' lang='lat' dir='ltr'>quae</span> <span class='ocrx_word' id='word_1_252' title='bbox 1929 2785 2089 2837; x_wconf 90' lang='lat' dir='ltr'>lunae</span> 
     </span>
     <span class='ocr_line' id='line_1_31' title="bbox 192 2870 2089 2942; baseline 0.003 -24"><span class='ocrx_word' id='word_1_253' title='bbox 192 2872 319 2918; x_wconf 88' lang='lat' dir='ltr'>nota</span> <span class='ocrx_word' id='word_1_254' title='bbox 355 2870 436 2920; x_wconf 84' lang='lat' dir='ltr'>vel</span> <span class='ocrx_word' id='word_1_255' title='bbox 472 2876 782 2924; x_wconf 85' lang='lat' dir='ltr'>ornamento</span> <span class='ocrx_word' id='word_1_256' title='bbox 824 2874 1052 2942; x_wconf 89' lang='lat' dir='ltr'>insignis</span> <span class='ocrx_word' id='word_1_257' title='bbox 1087 2877 1247 2942; x_wconf 91' lang='lat' dir='ltr'>esset,</span> <span class='ocrx_word' id='word_1_258' title='bbox 1284 2874 1361 2924; x_wconf 86' lang='lat' dir='ltr'>ita</span> <span class='ocrx_word' id='word_1_259' title='bbox 1399 2874 1527 2924; x_wconf 91' lang='lat' dir='ltr'>luna</span> <span class='ocrx_word' id='word_1_260' title='bbox 1566 2874 1623 2924; x_wconf 90' lang='lat' dir='ltr'>in</span> <span class='ocrx_word' id='word_1_261' title='bbox 1661 2873 1857 2925; x_wconf 87' lang='lat' dir='ltr'>vertice</span> <span class='ocrx_word' id='word_1_262' title='bbox 1898 2875 2089 2924; x_wconf 87' lang='lat' dir='ltr'>ornata</span> 
     </span>
     <span class='ocr_line' id='line_1_32' title="bbox 192 2955 2088 3029; baseline 0.003 -24"><span class='ocrx_word' id='word_1_263' title='bbox 192 2955 366 3007; x_wconf 90' lang='lat' dir='ltr'>Diana</span> <span class='ocrx_word' id='word_1_264' title='bbox 414 2959 703 3011; x_wconf 88' lang='lat' dir='ltr'>rectissime</span> <span class='ocrx_word' id='word_1_265' title='bbox 753 2962 932 3012; x_wconf 69' lang='lat' dir='ltr'>lunata</span> <span class='ocrx_word' id='word_1_266' title='bbox 979 2962 1303 3029; x_wconf 87' lang='lat' dir='ltr'>perhibetur.</span> <span class='ocrx_word' id='word_1_267' title='bbox 1389 2961 1628 3013; x_wconf 90' lang='lat' dir='ltr'>Verbum</span> <span class='ocrx_word' id='word_1_268' title='bbox 1676 2963 1854 3012; x_wconf 87' lang='lat' dir='ltr'>autem</span> <span class='ocrx_word' id='word_1_269' title='bbox 1900 2961 2088 3012; x_wconf 73' lang='lat' dir='ltr'>micare</span> 
     </span>
     <span class='ocr_line' id='line_1_33' title="bbox 191 3044 2086 3119; baseline 0.004 -26"><span class='ocrx_word' id='word_1_270' title='bbox 191 3044 291 3111; x_wconf 91' lang='lat' dir='ltr'>ipsi</span> <span class='ocrx_word' id='word_1_271' title='bbox 332 3045 488 3096; x_wconf 89' lang='lat' dir='ltr'>lunae</span> <span class='ocrx_word' id='word_1_272' title='bbox 530 3048 694 3098; x_wconf 87' lang='lat' dir='ltr'>stellis</span> <span class='ocrx_word' id='word_1_273' title='bbox 737 3047 1215 3119; x_wconf 37' lang='lat' dir='ltr'>oculisfproprium</span> <span class='ocrx_word' id='word_1_274' title='bbox 1255 3068 1368 3101; x_wconf 88' lang='lat' dir='ltr'>esse</span> <span class='ocrx_word' id='word_1_275' title='bbox 1407 3068 1564 3102; x_wconf 88' lang='lat' dir='ltr'>nemo</span> <span class='ocrx_word' id='word_1_276' title='bbox 1604 3049 1789 3102; x_wconf 88' lang='lat' dir='ltr'>nescit.</span> <span class='ocrx_word' id='word_1_277' title='bbox 1864 3047 1946 3100; x_wconf 88' lang='lat' dir='ltr'>Ne</span> <span class='ocrx_word' id='word_1_278' title='bbox 1985 3049 2086 3100; x_wconf 89' lang='lat' dir='ltr'>uti-</span> 
     </span>
     <span class='ocr_line' id='line_1_34' title="bbox 192 3134 2086 3206; baseline 0.003 -24"><span class='ocrx_word' id='word_1_279' title='bbox 192 3150 349 3199; x_wconf 86' lang='lat' dir='ltr'>quam</span> <span class='ocrx_word' id='word_1_280' title='bbox 388 3134 545 3184; x_wconf 88' lang='lat' dir='ltr'>lunae</span> <span class='ocrx_word' id='word_1_281' title='bbox 586 3135 872 3203; x_wconf 87' lang='lat' dir='ltr'>imaginem</span> <span class='ocrx_word' id='word_1_282' title='bbox 898 3156 959 3188; x_wconf 88' lang='lat' dir='ltr'>ex</span> <span class='ocrx_word' id='word_1_283' title='bbox 998 3138 1100 3190; x_wconf 89' lang='lat' dir='ltr'>hoc</span> <span class='ocrx_word' id='word_1_284' title='bbox 1139 3140 1256 3191; x_wconf 92' lang='lat' dir='ltr'>loco</span> <span class='ocrx_word' id='word_1_285' title='bbox 1284 3138 1559 3190; x_wconf 85' lang='lat' dir='ltr'>extrudere</span> <span class='ocrx_word' id='word_1_286' title='bbox 1594 3138 1787 3206; x_wconf 88' lang='lat' dir='ltr'>ausim,</span> <span class='ocrx_word' id='word_1_287' title='bbox 1825 3140 1887 3188; x_wconf 87' lang='lat' dir='ltr'>ut</span> <span class='ocrx_word' id='word_1_288' title='bbox 1918 3137 2086 3188; x_wconf 84' lang='lat' dir='ltr'>suasit</span> 
     </span>
     <span class='ocr_line' id='line_1_35' title="bbox 190 3218 1310 3293; baseline 0.007 -23"><span class='ocrx_word' id='word_1_289' title='bbox 190 3218 545 3272; x_wconf 87' lang='lat' dir='ltr'>Buechelerus</span> <span class='ocrx_word' id='word_1_290' title='bbox 589 3222 761 3273; x_wconf 69' lang='lat' dir='ltr'>limine</span> <span class='ocrx_word' id='word_1_291' title='bbox 799 3225 953 3276; x_wconf 69' lang='lat' dir='ltr'>nixus</span> <span class='ocrx_word' id='word_1_292' title='bbox 990 3244 1310 3293; x_wconf 89' lang='lat' dir='ltr'>proponens.</span> 
     </span>
    </p>

    <p class='ocr_par' dir='ltr' id='par_1_4' title="bbox 191 3307 2083 3553">
     <span class='ocr_line' id='line_1_36' title="bbox 337 3307 2083 3383; baseline 0.005 -25"><span class='ocrx_word' id='word_1_293' title='bbox 337 3307 402 3359; x_wconf 85' lang='lat' dir='ltr'>V.</span> <span class='ocrx_word' id='word_1_294' title='bbox 441 3309 526 3360; x_wconf 80' lang='lat'>40.</span> <span class='ocrx_word' id='word_1_295' title='bbox 588 3308 713 3361; x_wconf 89' lang='lat' dir='ltr'>Non</span> <span class='ocrx_word' id='word_1_296' title='bbox 761 3311 1084 3363; x_wconf 86' lang='lat' dir='ltr'>defenderim</span> <span class='ocrx_word' id='word_1_297' title='bbox 1132 3315 1374 3382; x_wconf 87' lang='lat' dir='ltr'>equidem</span> <span class='ocrx_word' id='word_1_298' title='bbox 1424 3315 1732 3383; x_wconf 88' lang='lat' dir='ltr'>septenarii,</span> <span class='ocrx_word' id='word_1_299' title='bbox 1780 3314 1870 3382; x_wconf 88' lang='lat' dir='ltr'>qui</span> <span class='ocrx_word' id='word_1_300' title='bbox 1916 3313 2083 3365; x_wconf 81' lang='lat' dir='ltr'>Lach-</span> 
     </span>
     <span class='ocr_line' id='line_1_37' title="bbox 191 3397 2081 3469; baseline 0.003 -23"><span class='ocrx_word' id='word_1_301' title='bbox 191 3413 388 3446; x_wconf 89' lang='lat' dir='ltr'>manno</span> <span class='ocrx_word' id='word_1_302' title='bbox 430 3397 696 3465; x_wconf 88' lang='lat' dir='ltr'>placebat,</span> <span class='ocrx_word' id='word_1_303' title='bbox 736 3399 932 3449; x_wconf 82' lang='lat' dir='ltr'>exitum</span> <span class='ocrx_word' id='word_1_304' title='bbox 967 3400 1176 3468; x_wconf 86' lang='lat' dir='ltr'>dactylo</span> <span class='ocrx_word' id='word_1_305' title='bbox 1203 3404 1487 3454; x_wconf 88' lang='lat' dir='ltr'>molestum</span> <span class='ocrx_word' id='word_1_306' title='bbox 1517 3403 1785 3469; x_wconf 19' lang='lat' dir='ltr'>uvioffl&#39;nali’</span> <span class='ocrx_word' id='word_1_307' title='bbox 1826 3402 2081 3453; x_wconf 69' lang='lat' dir='ltr'>modestia.</span> 
     </span>
     <span class='ocr_line' id='line_1_38' title="bbox 192 3482 2081 3553; baseline 0.004 -20"><span class='ocrx_word' id='word_1_308' title='bbox 192 3482 521 3550; x_wconf 89' lang='lat' dir='ltr'>Quamquam</span> <span class='ocrx_word' id='word_1_309' title='bbox 562 3485 699 3536; x_wconf 89' lang='lat' dir='ltr'>hanc</span> <span class='ocrx_word' id='word_1_310' title='bbox 726 3486 1010 3553; x_wconf 87' lang='lat' dir='ltr'>aliquando</span> <span class='ocrx_word' id='word_1_311' title='bbox 1045 3506 1226 3539; x_wconf 89' lang='lat' dir='ltr'>versus</span> <span class='ocrx_word' id='word_1_312' title='bbox 1265 3490 1492 3542; x_wconf 86' lang='lat' dir='ltr'>formam</span> <span class='ocrx_word' id='word_1_313' title='bbox 1531 3492 1585 3542; x_wconf 89' lang='lat' dir='ltr'>in</span> <span class='ocrx_word' id='word_1_314' title='bbox 1627 3490 1892 3543; x_wconf 84' lang='lat' dir='ltr'>veteribus</span> <span class='ocrx_word' id='word_1_315' title='bbox 1932 3489 2081 3540; x_wconf 91' lang='lat' dir='ltr'>libris</span> 
     </span>
    </p>
   </div>
  </div>
 </body>
</html>
