2294 3844
974 319 1025 357 L.
1060 318 1276 358 A'r'r1vs
1994 319 2090 371 197

1006 448 1141 500 VIII
1183 446 1266 518 (ὃ)

331 536 598 588 Dec-orzire
641 540 721 588 est
761 537 928 589 satius
970 538 1130 605 qua'un
1171 537 1405 589 uerbena
1445 541 1497 588 et
1537 538 1744 590 taeniis.

1019 632 1096 685 IX
1140 632 1259 704 (11)

331 723 433 791 Tu,
473 723 550 774 uti
592 723 719 791 dixi,
760 723 931 774 initote
971 722 1055 773 his
1096 723 1280 791 armis,
1320 723 1491 774 maiete
1534 722 1758 775 uirtutes
1795 726 1978 793 patris.

1047 818 1095 870 X
1139 817 1222 889 ((3)

338 908 438 959 Sed
481 910 637 976 quem
671 908 800 959 mihi
834 908 1095 976 iungens?
1137 907 1244 977 cus,
1285 927 1418 977 quae
1461 927 1578 960 cum
1611 909 1702 961 illo
1735 911 1941 980 fuerim,
1981 912 2092 981 ‹lig-

1510 1005 1681 1057 nabor
1721 1006 1872 1057 dari?

1015 1078 1094 1130 XI
1135 1077 1255 1149 (10)

179 1170 287 1221 475
329 1168 481 1221 {sl-<itin
523 1170 642 1220 astu
683 1170 735 1218 et
774 1167 1009 1219 sallendo
1052 1168 1245 1219 callet?

1014 1263 1120 1315 XII
1162 1262 1244 1334 (1)

325 1354 447 1406 'Vbi
490 1354 565 1405 nil
607 1356 791 1405 eontra
834 1352 1098 1405 rationem
1131 1371 1356 1422 aequam
1390 1354 1600 1423 habuit,
1641 1353 1879 1406 adsensit
1911 1356 2087 1407 silens.

979 1450 1113 1502 XIII
1156 1448 1276 1520 (14)

327 1525 428 1576 Sed
470 1525 724 1594 quesdam

961 1597 1298 1650 TROADES

326 1779 437 1831 Nee
478 1780 637 1831 furno
678 1780 802 1831 faxo
845 1780 1026 1847 fruges
1066 1777 1282 1828 frendas
1326 1777 1569 1828 t6rridas.

289 1884 399 1924 VIII
430 1884 602 1923 Festus
634 1897 676 1935 p.
709 1884 792 1922 360
824 1882 882 1921 Μ.
917 1882 1170 1921 ‘taenias
1203 1881 1428 1920 Graecam
1469 1894 1627 1920 uocem
1661 1882 1728 1920 sie
1760 1883 2087 1933 interpretatur

178 1941 386 1989 Verrius,
419 1944 469 1978 ut
501 1939 623 1978 dicat
654 1943 969 1979 ornamentum
1003 1951 1102 1978 esse
1128 1937 1306 1977 laneum
1341 1939 1512 1990 capitis
1536 1937 1746 1978 honorati
1770 1958 1823 1965 —
1847 1960 1895 1965 -—
1919 1938 2086 1978 Accius

175 2000 220 2036 in
252 1997 573 2049 Neoptolemo:
616 1996 857 2035 decorare'
890 2009 929 2038 e,
964 2009 1003 2047 q.
1036 2008 1070 2034 s.
1215 1994 1280 2033 IX
1314 1995 1428 2036 Non.
1463 1996 1567 2043 341,
1600 1997 1654 2034 30
1695 1998 1973 2034 ‘mactare
2014 1999 2085 2034 est

177 2053 323 2104 magis
354 2065 518 2104 augere
655 2051 823 2091 Accius
856 2051 1190 2104 Optolempo
1220 2055 1311 2090 ...'
1361 2050 1755 2103 (Neoptolemo
1788 2051 1963 2102 Iunius)

172 2112 216 2150 X
250 2111 361 2149 Nou.
393 2110 494 2155 281,
528 2113 552 2148 3
585 2109 882 2161 ‘dignatus
914 2107 1145 2160 significat
1176 2108 1340 2160 dignus
1375 2107 1557 2147 habitus
1587 2138 1595 2148 .
1617 2139 1625 2148 .
1646 2110 1679 2146 .'
1714 2107 1824 2157 (Sed
1856 2107 1929 2147 hic
1961 2107 2083 2160 dig-

178 2167 350 2206 nabor
389 2166 541 2205 actiuo
582 2178 718 2205 sensu
758 2162 1153 2217 intellegendum.)
1288 2164 1352 2203 XI
1392 2165 1506 2205 Non.
1547 2166 1650 2213 258,
1690 2166 1715 2204 5
1754 2163 1961 2204 ‘callet
1991 2166 2083 2215 sig·

177 2222 331 2262 nificat
364 2223 451 2261 scit
482 2253 491 2262 .
516 2253 524 2260 .
553 2252 561 2260 .
592 2222 757 2261 Accius
789 2221 1020 2260 Aeneadis
1059 2251 1068 2261 .
1095 2252 1103 2260 .
1131 2250 1140 2260 .
1176 2220 1295 2260 idem
1328 2221 1375 2259 in
1409 2220 1739 2273 Neoptholemo
1769 2251 1778 2259 .
1806 2251 1814 2259 .
1841 2224 1878 2261 ,⁹
1996 2222 2085 2260 XII

177 2281 288 2321 Non.
322 2281 427 2329 469,
465 2280 514 2318 15
547 2277 832 2317 ‘adsensit
865 2282 936 2317 est
968 2282 1013 2317 et
1045 2277 1314 2329 passiuum.’
1365 2276 1648 2327 (adsentit
1681 2277 1856 2324 Bamb.)
1969 2278 2080 2316 XIII

178 2336 441 2377 Priscianus
472 2335 584 2375 XIII
616 2349 657 2387 p.
690 2337 772 2374 060
805 2335 838 2373 Ρ
877 2334 1218 2373 ““ηοςιιε·<ιῐίιιιιιη
1260 2333 1397 2373 etiam
1432 2345 1543 2384 quos
1576 2346 1689 2384 quas
1721 2333 1795 2372 uel
1829 2346 1941 2385 ques
1972 2363 1980 2371 .
2006 2365 2014 2373 .
2045 2337 2080 2373 .'

289 2392 444 2432 Addas
476 2391 588 2431 lieet
619 2392 707 2430 ine.
741 2392 825 2433 iuc.
863 2390 955 2430 fab.
985 2390 1075 2429 111:
1118 2402 1353 2442 perperam
1389 2389 1494 2429 olim
1525 2389 1793 2430 Troadum
1826 2394 1872 2428 et
1904 2391 2081 2429 Hecu-

178 2450 280 2489 bae
315 2448 532 2500 reliquias
565 2448 766 2487 adiunxi.

291 2507 510 2546 'l'ssoAnes
542 2505 562 2543 I
595 2505 779 2544 Seruius
812 2504 856 2543 iu
889 2504 1000 2547 Aen.
1027 2505 1045 2544 1
1076 2505 1152 2543 179
1185 2507 1258 2543 ‘et
1290 2507 1461 2543 torrere
1486 2507 1650 2555 parant
1674 2503 1863 2542 flammis
1887 2506 1932 2542 et
1956 2503 2082 2542 fran—

317 2625 417 2670 472
459 2626 735 2683 Superioris
773 2637 946 2670 uersus
983 2626 1252 2670 clausulam
1301 2625 1428 2668 lianc
1472 2624 1584 2681 fere
1629 2623 1811 2681 fuisse:
1862 2623 2081 2667 tumulum

176 2698 393 2758 sanguine
433 2696 680 2754 Hcmptius
717 2700 1010 2754 suspicatur,
1050 2702 1098 2741 ut
1125 2700 1299 2739 narrat
1327 2695 1645 2739 Mommsenus
1672 2697 1703 2739 l.
1731 2696 1762 2739 l.
1789 2709 1837 2752 p.
1867 2693 1957 2740 85:
1998 2707 2080 2753 eqo

176 2768 358 2828 capillos
397 2766 568 2812 casside
598 2769 675 2811 uel
705 2768 854 2812 simile
880 2768 993 2825 quid
1017 2767 1332 2826 supplendum
1361 2777 1547 2812 censeo.
1588 2766 1710 2810 Ante
1745 2767 1899 2822 illum,
1940 2777 2078 2810 sence-

177 2842 298 2884 rium
325 2844 375 2883 ut
402 2840 680 2896 explerent,
711 2837 929 2881 tumulum
958 2837 1170 2882 decorare
1198 2836 1402 2882 Bolln'us
1428 2836 1536 2880 ‹leos
1566 2850 1725 2880 ornare
1754 2836 2011 2880 Frulerius

179 2909 368 2954 uerbena
407 2914 452 2952 et
490 2907 646 2952 taeniis
687 2909 933 2966 Hauplius
974 2908 1125 2953 urbem
1170 2908 1348 2951 exeneis
1399 2907 1700 2952 Vrsim'amem
1750 2907 2079 2965 apographum

178 2979 328 3025 urbem
357 2994 380 3022 c
409 2979 567 3024 taeniis
602 2979 778 3023 Vaticc.
808 2979 889 3024 RS
914 2980 1071 3037 Polit„
1098 2995 1186 3039 my.
1229 2979 1330 3023 Vrs.
1372 2977 1524 3022 urbem
1552 2978 1708 3021 taeniis
1747 2978 1818 3022 ed.
1843 2979 1997 3034 princ.

177 3050 277 3097 473
319 3058 360 3094 ta
395 3050 508 3094 libri
545 3044 885 3111 (optolemptata
912 3048 1086 3109 Basil.)
1125 3051 1183 3094 ita
1211 3049 1406 3094 Iunius.-
1443 3049 1528 3092 secl
1558 3048 1787 3093 librorum
1822 3050 2080 3105 scripturis

175 3123 383 3167 indicari
407 3126 572 3178 tempta
602 3127 650 3164 ut
675 3119 763 3164 dixi
790 3126 931 3165 acute
958 3127 1111 3166 monet
1140 3119 1471 3165 Buecheler-us
1545 3119 1607 3162 uti
1636 3119 1826 3164 Vossius
1852 3125 1900 3162 ut
1918 3119 2029 3163 libri

175 3193 307 3236 armis
341 3192 485 3236 Bern.
514 3191 540 3234 b
567 3191 788 3249 armisque
816 3192 968 3235 ceteri
1000 3192 1112 3236 'libri
1209 3196 1346 3234 macta
1377 3189 1578 3234 Bollzius
1686 3189 1844 3233 uirtuti
1873 3189 2021 3232 Bern.
2052 3189 2077 3233 b

178 3263 388 3307 uirtutem
428 3264 578 3306 cetere?
609 3262 722 3305 libri
756 3263 925 3306 uirtute
963 3262 1034 3305 W.
1070 3262 1278 3320 ll’ayner
1314 3273 1430 3304 mus.
1467 3261 1622 3305 Rhen.
1650 3259 1835 3304 XXIII
1858 3255 1996 3304 380²³³

178 3340 318 3378 macte
366 3331 423 3375 ob
461 3332 672 3375 uirtutem
723 3333 859 3390 patris
896 3332 1209 3377 Her-mannus
1386 3330 1490 3376 474
1538 3330 1608 3374 cui
1656 3343 1769 3389 quae
1807 3343 1907 3373 cum
1945 3329 2072 3373 Mer-

179 3416 321 3448 ceras
360 3403 516 3461 tuique
552 3407 602 3445 tu
639 3402 752 3446 libri
923 3401 1081 3447 suerin]
1120 3402 1375 3447 Mer-cerus
1422 3399 1587 3446 suerint
1623 3401 1735 3445 libri
1874 3398 1975 3442 476
2015 3398 2074 3442 nil

184 3473 399 3529 Bothius,
448 3474 556 3516 ilem
607 3472 846 3517 Vsenerus
887 3473 937 3517 in
981 3475 1222 3531 prooemio
1273 3472 1538 3530 Gryphism.
1581 3477 1698 3515 aest.
1741 3468 1872 3515 1866
1919 3482 1969 3526 p.
2009 3468 2072 3512 12

179 3541 289 3586 nihil
323 3543 433 3587 libri
599 3555 782 3601 aequam
820 3544 1078 3588 Fraterius
1124 3542 1273 3588 Veris.
1308 3542 1364 3586 ΙΙ
1398 3541 1427 3586 5
1476 3548 1520 3586 et
1568 3554 1697 3600 quain
1744 3540 1856 3583 libri

181 3612 378 3656 Hiatum
404 3614 537 3658 tolles
566 3611 743 3657 habeuit
769 3614 1035 3670 scribendo,
1064 3620 1113 3658 ut
1139 3612 1337 3657 habessit
1363 3614 1496 3670 ccpzccl
1520 3611 1612 3656 Cic.
1640 3612 1697 3654 cle
1724 3611 1813 3669 leq.
1841 3608 1895 3653 ΙΙ
1922 3608 1951 3653 8

180 3681 373 3726 adsentit
411 3682 578 3726 Bamb.
722 3681 823 3729 478
863 3697 945 3728 nec
981 3683 1114 3728 furno
1154 3682 1253 3728 saxo
1293 3685 1470 3740 scripsi
1503 3687 1767 3726 nocturnam
1806 3693 1910 3724 saxo
1941 3677 2071 3725 Cass.
