2294 3844
173 226 238 277 7ss
926 225 987 264 M.
1022 222 1319 263 Ponvlvs

169 375 292 409 nem
317 355 560 423 mandat,
585 354 669 406 cui
693 356 807 406 tum
818 350 861 424 4)
887 371 1117 422 regnum
1140 353 1493 422 relinquebat,
1517 371 1584 404 ne
1610 352 1810 421 inpune
1836 350 2077 421 Antiopa

169 454 345 505 ferret.
407 452 565 503 huius
606 454 730 519 post
767 452 996 502 mortem
1035 449 1209 518 Lycus
1251 447 1535 518 Sicyonem
1572 449 1736 501 uenit.
1791 449 2074 502 interfecto

170 549 391 618 Epopeo
439 548 735 616 Antiopam
789 547 1026 600 uinctam
1081 545 1314 598 abduxit.
1399 545 1457 598 in
1505 544 1825 598 Cithaerone
1879 543 2075 616 parit5)

172 646 412 716 geminos
460 648 513 697 et
558 645 784 713 reliquit.
871 662 1002 712 quos
1058 645 1243 712 pastor
1290 642 1560 711 educauit,
1615 641 1804 694 Zetum
1850 644 1903 694 et
1948 640 2075 693 Am-

171 743 425 811 phionem
464 741 779 794 nominauit.
828 739 1067 808 Antiopa
1106 739 1299 791 Dircae
1341 740 1493 792 uxori
1533 738 1662 808 Lyci
1702 739 1827 791 data
1867 741 1982 791 erat
2019 738 2077 790 in

172 839 479 891 cruciatum.
527 856 590 889 ea
630 834 1017 907 occasionemss)
1044 839 1203 888 nacta
1241 836 1402 906 fugae
1443 854 1497 888 se
1522 835 1822 904 mandauit,
1862 834 2078 888 deuenit

171 935 238 986 ad
276 935 414 987 filios
462 952 600 987 suos.
672 952 736 985 ex
784 933 975 1001 quibus
1016 931 1175 984 Zetus
1227 932 1537 984 existimans
1576 928 1918 1002 fugitiuam7)
1966 950 2079 984 non

169 1032 382 1100 recepit.
459 1031 516 1082 in
572 1029 799 1082 eundem
844 1030 1021 1082 locum
1075 1028 1233 1081 Dirce
1289 1047 1384 1098 per
1437 1028 1845 1080 bacchationem
1899 1026 2080 1080 Liberi

169 1131 296 1179 tunc
311 1125 354 1197 S)
383 1127 558 1178 delata
584 1129 677 1178 est.
703 1126 777 1177 ibi
794 1124 1091 1194 Antiopam
1115 1128 1382 1194 repertam
1408 1125 1474 1177 ad
1498 1127 1725 1177 mortem
1751 1123 2078 1176 extrahebat.

173 1223 264 1276 sed
290 1224 356 1275 ab
398 1224 680 1275 educatore
705 1225 920 1291 pastore
947 1222 1313 1274 adulescentes
1339 1222 1590 1274 certiores
1614 1220 1766 1289 facti,
1807 1239 1924 1273 eam
1964 1238 2076 1273 esse

170 1323 394 1372 matrem
436 1339 608 1389 suam,
649 1319 888 1371 celeriter
928 1319 1203 1371 consecuti
1234 1321 1463 1371 matrem
1503 1318 1826 1387 eripuerunt.
1879 1317 2078 1370 Dircen

171 1417 237 1468 ad
276 1419 491 1468 taurum
531 1417 767 1468 crinibus
814 1416 1097 1486 religatam
1142 1418 1352 1468 necant.
1430 1414 1633 1484 Lycum
1680 1432 1801 1466 cum
1840 1414 2077 1467 occidere

169 1514 385 1582 uellent,
424 1513 598 1565 uetuit
637 1532 726 1566 eos
751 1512 1046 1565 Mercurius
1087 1515 1141 1564 et
1179 1513 1337 1565 simul
1368 1511 1524 1564 iussit
1547 1510 1751 1580 Lycum
1790 1510 2077 1563 concedere

170 1627 399 1679 regnum
437 1608 766 1678 Amphioni?
1711 1612 1715 1616 “

1028 1726 1055 1779 Ι
1098 1724 1217 1798 (13)

176 1842 234 1892 la
326 1840 471 1892 Iouis
512 1841 574 1891 ex
614 1838 856 1908 Antiopa
894 1837 1087 1909 Nyctei
1126 1837 1247 1891 nati
1287 1835 1432 1909 [duo]

1018 1965 1073 2017 Π
1114 1963 1233 2035 (12)

318 2076 474 2128 Rhet.
516 2077 582 2127 ad
622 2075 856 2128 Herenn.
895 2075 950 2127 Π
988 2077 1075 2145 27,
1114 2076 1185 2128 43
1227 2076 1381 2128 ‘item
1421 2076 1716 2128 uerendum
1756 2078 1860 2144 est,
1900 2094 1967 2127 ne
2008 2075 2071 2127 de

172 2173 275 2224 alia
314 2191 370 2224 re
411 2173 639 2241 dicatur,
679 2191 799 2224 cum
840 2173 944 2224 alia
984 2173 1046 2224 de
1085 2192 1142 2225 re
1176 2172 1542 2225 controuersia
1582 2172 1651 2223 sit
1691 2213 1701 2223 .
1728 2214 1737 2223 .
1765 2214 1775 2223 .
1815 2172 1894 2223 uti
1934 2171 2076 2240 apud

170 2269 464 2321 Pacuuium
504 2268 741 2321 Zethus
789 2287 925 2321 cum
963 2268 1343 2338 Amphione,
1392 2287 1655 2337 quorum
1703 2271 2075 2320 controuer-

173 2367 263 2418 sia
304 2367 374 2417 de
414 2367 651 2418 musica
690 2366 1040 2434 inductast,
1081 2365 1435 2434 disputatio
1475 2365 1541 2416 in
1581 2364 1940 2433 sapientiae
1979 2383 2075 2416 ra-

172 2462 416 2514 tionem
457 2465 517 2513 et
556 2461 821 2514 uirtutis
861 2461 1213 2514 utilitatem
1253 2461 1681 2514 consumitur.'

284 2638 328 2691 4>
361 2652 513 2680 suum
544 2640 785 2680 Nauckius
880 2637 925 2689 5)
960 2637 1358 2680 Cithaeronem
1388 2638 1542 2691 uulgo,
1575 2651 1690 2682 corr.
1724 2650 1825 2678 cum
1846 2636 2076 2679 Scheffero

173 2697 388 2736 Buntius:
422 2696 620 2737 fortasse
651 2696 706 2735 in
737 2695 1084 2736 Cithaerone
1118 2709 1180 2735 ea
1210 2696 1436 2748 peperit
1504 2694 1547 2746 6)
1581 2695 1886 2735 occasione
1908 2694 2075 2748 uulgo:

173 2754 348 2793 correxi
464 2754 506 2804 7)
539 2766 600 2793 sc.
635 2765 828 2793 seruam.
944 2752 987 2801 8)
1019 2751 1158 2792 illuc
1188 2752 1341 2804 uulgo,
1376 2765 1486 2794 corr.
1519 2751 1756 2791 Nauckius
1856 2751 2078 2804 Respexit

174 2810 371 2850 fortasse
403 2809 522 2849 hanc
554 2809 758 2849 fabulam
788 2809 952 2849 Cicero
973 2808 1100 2849 Lael.
1127 2810 1192 2859 19,
1216 2811 1270 2849 70
1301 2812 1376 2848 ‘ut
1405 2809 1453 2848 in
1484 2807 1655 2848 fabulis
1688 2808 1765 2860 qui
1795 2806 2077 2861 aliquamdiu

173 2870 356 2918 propter
386 2866 715 2918 ignorationem
749 2866 904 2918 stirpis
937 2869 981 2905 et
1005 2866 1186 2917 generis
1218 2867 1266 2904 in
1288 2864 1515 2905 famulatu
1540 2865 1738 2912 fuerunt,
1772 2877 1870 2904 cum
1902 2864 2076 2917 cogniti

175 2926 281 2962 sunt
313 2927 357 2962 et
387 2927 466 2962 aut
498 2922 678 2963 deorum
712 2926 789 2962 aut
820 2934 975 2974 regum
1005 2921 1090 2961 filii
1122 2922 1322 2973 inuenti,
1356 2921 1556 2961 retinent
1586 2924 1740 2961 tamen
1760 2921 1998 2960 caritatem
2028 2922 2076 2960 in

173 2984 396 3030 pastores,
433 2991 545 3030 quos
583 2984 741 3031 patres
773 2978 937 3018 multos
971 2991 1114 3018 annos
1148 2991 1247 3018 esse
1272 2978 1530 3018 duxerunt.'
1619 2977 1641 3017 Ι
1663 2976 1838 3017 Probus
1869 2979 1916 3016 in
1937 2977 2075 3029 Verg.

173 3034 273 3075 Ecl.
305 3037 351 3084 2,
385 3036 437 3074 25
470 3048 512 3086 p.
540 3036 562 3074 7
586 3034 704 3078 Keil.
749 3034 1122 3087 ‘Amphionem
1154 3039 1200 3074 et
1230 3034 1459 3074 Zethum
1489 3033 1732 3086 Euripides
1765 3036 1812 3074 et
1844 3031 1962 3085 apud
1992 3044 2076 3073 nos

174 3090 406 3130 Pacuuius
438 3090 590 3130 Iouis
623 3105 684 3130 ex
715 3091 955 3143 Antiopa
985 3091 1191 3142 Nyctei
1222 3091 1288 3130 ait
1319 3094 1500 3130 natos.
1548 3087 1865 3143 [Amphionem
1898 3086 2070 3141 autem]

174 3146 404 3186 cantando
444 3150 646 3199 potuisse
689 3150 893 3187 armenta
931 3160 1098 3188 uocare
1144 3151 1374 3188 testantur
1414 3146 1626 3186 Thebae’
1666 3159 1705 3186 e.
1748 3158 1789 3198 q.
1830 3157 1864 3185 s.
1932 3143 2076 3184 Sena-

175 3204 288 3242 rium
328 3203 505 3255 prologi
547 3203 706 3242 elicuit
737 3203 1062 3243 Buechelerus.
1208 3203 1567 3255 Amphionem
1608 3205 1789 3242 autem
1827 3201 1971 3241 uerba
2008 3200 2075 3240 in-

176 3259 301 3299 clusa
339 3259 603 3300 coniectura
635 3258 866 3311 suppleuit
894 3260 952 3301 H.
983 3259 1173 3302 Keilius.
1225 3259 1401 3299 Pacuui
1437 3262 1732 3311 anapaestos:
1766 3255 2074 3298 ‘cantando

175 3314 441 3356 soluistis
481 3313 744 3361 Arme'nta
778 3319 1010 3355 uocare’
1052 3328 1300 3367 agnoscere
1343 3315 1431 3355 sibi
1470 3316 1597 3356 uisus
1640 3317 1710 3354 est
1749 3313 2017 3364 Hartungus

287 3371 332 3410 II
362 3371 533 3411 Eadem
568 3371 884 3412 controuersia
913 3372 1117 3424 tangitur
1147 3372 1218 3412 his
1248 3371 1479 3412 Ciceronis
1508 3371 1643 3411 locis:
1698 3369 1751 3408 de
1784 3373 1896 3408 orat.
1929 3368 1976 3408 II
2007 3371 2074 3416 37,

180 3429 257 3467 155
299 3428 482 3477 ‘miror‚
523 3441 600 3468 cur
640 3427 955 3480 philosophiae
996 3428 1116 3467 sicut
1155 3428 1322 3468 Zethus
1360 3427 1439 3467 ille
1473 3427 1764 3466 Pacuuianus
1802 3437 1939 3477 prope
1979 3425 2075 3465 bel-

177 3483 268 3522 lum
298 3483 556 3524 indixeris.⁷
618 3484 671 3524 de
704 3495 798 3534 rep.
830 3484 851 3523 I
885 3484 958 3534 18,
992 3486 1045 3523 30
1078 3488 1239 3536 ‘atque
1271 3483 1387 3524 idem
1512 3481 1704 3522 Zethum
1743 3480 1870 3520 illum
1901 3481 2076 3521 Pacuui

180 3539 312 3579 nimis
351 3540 585 3580 inimicum
624 3540 861 3581 doctrinae
903 3551 1004 3580 esse
1044 3538 1262 3580 dicebat.’
1325 3538 1382 3579 de
1419 3539 1508 3581 inu.
1551 3538 1570 3577 1
1602 3539 1677 3589 50,
1711 3538 1765 3577 94
1804 3537 1871 3577 ‘si
1909 3550 1999 3577 non
2029 3536 2075 3577 id

182 3595 302 3647 quod
335 3597 626 3637 accusabitur
657 3595 869 3636 defendet
1007 3598 1059 3634 ut
1091 3595 1315 3648 Amphion
1348 3594 1467 3647 apud
1497 3592 1761 3646 Euripidem
1796 3591 1922 3646 [item
1956 3592 2076 3646 apud
