2299 3803
816 338 1147 380 POMPILIVS
1265 337 1468 379 IVLIVs

1999 333 2031 383 NJ

2035 333 2098 383 ΕΞ

1093 467 1215 520 XLI

345 543 480 614 (hic)
521 543 668 595 Iouis

1076 616 1231 669 XLII

346 696 517 744 status

1064 764 1245 818 XLIII

344 842 529 911 aruiga

913 934 1384 1007 POMPILIVS

341 1058 462 1111 Heu
504 1060 608 1128 quzi
648 1078 730 1111 me
773 1077 955 1128 eausa,
996 1058 1259 1127 Fortuna,
1301 1056 1494 1108 infeste
1535 1055 1768 1125 premis?

555 1223 626 1293 O.
684 1223 969 1295 IVLIVS
1023 1220 1362 1294 CAESAR
1415 1220 1751 1291 STRABO

960 1362 1345 1418 ADRAsTVs

351 1462 485 1516 Cum
527 1464 702 1532 eripita
744 1463 901 1514 uiridi
941 1464 1092 1515 lauro
1135 1464 1311 1514 uelare
1353 1459 1620 1530 smper-(int

344 1559 646 1628 Prophetae
688 1560 884 1628 sancti,
925 1561 1073 1612 erista
1113 1560 1202 1628 qui
1242 1559 1441 1627 purant
1483 1576 1646 1609 saera.

195 1697 405 1734 ‘nostrae
440 1694 643 1746 glossae:
686 1694 872 1746 pristrix
911 1693 1069 1734 bellua
1110 1693 1260 1732 maris.
1323 1691 1480 1731 Actius
1520 1691 1790 1744 pristices
1825 1691 1973 1731 dixit)
2035 1690 2105 1734 Cf.

195 1750 433 1790 Ritschelii
467 1762 621 1803 opusc,
655 1750 699 1790 ΙΙ
731 1751 814 1790 460
845 1762 942 1802 sqq.
1079 1749 1185 1789 XLI
1225 1749 1458 1801 Excerpta
1499 1761 1552 1787 ex
1584 1761 1717 1788 anon.
1757 1761 1942 1800 gramm.
1982 1748 2027 1786 in
2061 1750 2108 1786 Α.

195 1807 288 1846 Mai
329 1812 450 1846 auct.
491 1806 626 1847 class.
661 1807 698 1846 V
733 1809 805 1846 151
853 1807 1070 1859 ‘legimus
1110 1807 1158 1845 in
1198 1804 1348 1858 Capro
1389 1805 1476 1845 hic
1513 1805 1679 1846 Iouis.
1739 1805 1876 1844 etiam
1908 1804 2111 1844 Naeuius

193 1864 345 1903 Attius
367 1863 619 1913 Pacuuius,
654 1875 807 1903 omnes
842 1864 918 1903 isti
950 1867 1141 1902 utuntur
1172 1862 1257 1901 hoo
1289 1860 1530 1914 exemplo.’
1641 1860 1768 1900 XLII
1800 1861 1912 1902 Non.
1936 1862 2034 1910 226,
2057 1863 2110 1899 24

197 1923 450 1961 ‘statura
482 1920 662 1972 generis
695 1920 919 1963 feminini,
982 1919 1187 1959 Lucilius
1220 1918 1297 1957 lib.
1330 1930 1509 1957 xxvnt:
1552 1931 1689 1970 quare
1723 1930 1802 1970 pro
1838 1917 2110 1969 f·1eie‚p1·o

199 1980 346 2016 statur
353 1990 378 2015 ·ι
409 1977 566 2016 Acciu'
605 1980 803 2015 status.
811 1978 823 1997 ’
877 1975 949 2017 Cf.
984 1975 1266 2016 Ritschelius
1298 1974 1351 2013 de
1384 1974 1602 2015 fictilibus
1633 1973 1853 2014 litteratis
1886 1973 1944 2025 (a.
1980 1974 2110 2023 1853)

197 2045 236 2095 p.
272 2035 335 2071 11.
453 2032 607 2072 XLIII
641 2032 783 2071 Varro
825 2031 878 2072 de
921 2032 948 2072 1.
983 2033 1037 2074 L.
1072 2033 1110 2071 V
1142 2032 1196 2071 98
1236 2031 1295 2070 M.
1338 2033 1546 2078 ‘aries‚
1590 2030 1711 2082 quod
1750 2043 1846 2070 eum
1890 2030 2109 2069 dicebant

196 2081 319 2141 αρήν
357 2092 564 2137 ueteres,
605 2090 749 2128 nostri
788 2088 1162 2140 aruig1‚hinc
1205 2088 1436 2138 aruignus.
1499 2087 1633 2127 Haec
1680 2091 1786 2128 sunt
1826 2099 2013 2139 quarum
2065 2088 2110 2125 in

196 2143 435 2184 sacrifieiis
467 2149 572 2184 exta
603 2145 648 2183 in
681 2143 796 2189 olla,
829 2157 918 2184 non
951 2145 995 2184 in
1027 2157 1140 2185 ueru
1173 2148 1417 2193 cocuntur,
1459 2157 1569 2197 quas
1602 2148 1647 2184 et
1676 2144 1844 2183 Accius
1875 2143 2035 2184 scribit
2067 2149 2112 2181 et

197 2203 243 2241 in
276 2200 529 2254 pontificiis
564 2200 693 2241 libris
726 2201 965 2243 uidemus)
1026 2201 1251 2249 (Ateius
1282 2199 1494 2240 Osannus
1527 2199 1657 2239 Anal.
1693 2201 1792 2240 (·rit.
1830 2213 1872 2252 p.
1904 2198 1975 2251 66)

308 2257 409 2297 Non
451 2256 788 2309 praetereunda
819 2257 1056 2298 Vrbinatis
1097 2270 1140 2296 n.
1172 2258 1254 2298 308
1294 2257 1339 2296 in
1371 2256 1516 2296 Nonio
1549 2270 1590 2309 p.
1624 2258 1728 2307 231,
1765 2258 1815 2295 14
1855 2257 2107 2307 scriptura:

198 2318 428 2366 ‘uepres
467 2344 477 2353 .
504 2345 512 2352 .
538 2344 548 2354 .
596 2314 813 2354 feminino
855 2315 1045 2354 accius
1084 2319 1214 2366 porto
1253 2313 1527 2366 peripetoris
1567 2312 1684 2351 male
1722 2312 1861 2352 cedo’
1906 2326 1944 2351 e.
1990 2325 2031 2363 q.
2075 2324 2109 2353 S.

197 2370 314 2411 Vide
346 2370 561 2423 Pompon.
601 2372 772 2411 Bonon.
811 2383 854 2414 u.
887 2372 979 2411 130.
1039 2371 1263 2410 Fortasse
1304 2374 1410 2409 ante
1450 2369 1689 2422 Pomponii
1729 2368 1873 2408 locum
1920 2370 2108 2407 Attiana

197 2426 336 2466 uerba
367 2426 555 2467 laudata
588 2427 784 2469 fuerant

308 2485 575 2524 Pompmvs
606 2484 748 2523 Varro
781 2483 833 2523 de
867 2482 1075 2523 1.1.V11
1107 2485 1159 2524 93
1190 2482 1339 2536 ‘apud
1373 2483 1583 2522 Plautum
1630 2495 1698 2522 eu
1692 2495 1746 2520 ix
1785 2512 1793 2520 .
1824 2512 1834 2521 .
1862 2512 1870 2520 .
1906 2485 1957 2520 ut
1989 2481 2109 2533 apud

196 2540 391 2580 Ennium
422 2539 570 2580 heliae
600 2570 609 2579 .
629 2570 667 2581 ..
695 2540 816 2593 apud
847 2540 1045 2579 Ennium
1078 2540 1193 2580 eheu
1229 2570 1239 2580 .
1267 2571 1275 2579 .
1302 2570 1311 2580 .
1352 2539 1497 2592 apud
1530 2538 1865 2591 Pompilium
1898 2538 2031 2577 heu’
2071 2551 2108 2579 e

197 2609 237 2648 q
262 2609 295 2636 s.
335 2596 581 2649 Tragicum
615 2601 797 2649 poetam
828 2609 929 2637 esse
963 2597 1139 2636 enineit
1171 2597 1452 2649 epigramma
1484 2597 1529 2635 in
1555 2596 1772 2636 Varronis
1804 2599 1963 2636 satura
1994 2586 2109 2641 ὄνος

202 2648 351 2705 λύρας
383 2655 602 2693 insertum
634 2653 706 2700 (fr
742 2653 870 2694 XXII
902 2667 942 2705 p.
976 2654 1054 2694 183
1086 2653 1155 2706 R.)

540 2709 679 2749 Pac-ui
712 2709 967 2762 discipulus
999 2709 1138 2757 dicor,
1173 2722 1306 2762 porro
1338 2709 1377 2749 is
1396 2709 1498 2748 fuit
1529 2709 1673 2758 Enni,

618 2767 785 2806 Euniu'
817 2767 1070 2806 Musarum:
1109 2766 1360 2818 Pompilius
1394 2765 1547 2806 clueor

197 2822 291 2867 (ubi
329 2822 656 2886 Pompolius
693 2821 831 2862 Nonii
862 2836 902 2875 p.
935 2824 1002 2870 87,
1035 2824 1087 2863 32
1121 2824 1177 2862 W
1209 2836 1264 2866 m
1306 2820 1408 2874 pr..)
1470 2822 1532 2862 Et
1570 2821 1773 2861 eiusdem
1813 2820 1961 2860 uideii
2008 2833 2106 2860 osse

197 2871 578 2932 ἐπιγραμμάτιον
617 2878 735 2930 quod
765 2878 983 2919 Varronis
1021 2879 1074 2918 de
1111 2878 1140 2922 l
1175 2878 1200 2918 1.
1232 2878 1319 2919 V11
1350 2880 1404 2919 28
1444 2878 1630 2918 codices
1670 2877 1937 2929 Papinio,
1985 2877 2104 2915 Pris-

197 2935 320 2974 ciani
350 2948 392 2987 p.
422 2937 504 2976 602
536 2935 586 2978 P
636 2935 935 2987 Pomponio
975 2935 1082 2984 (nisi
1121 2935 1238 2988 quod
1279 2935 1573 2987 pompnius
1615 2938 1743 2973 extat
1782 2934 1827 2972 in
1866 2909 2014 2972 Pa’xris.
2047 2932 2098 2981 P)

198 2991 425 3037 tribuunt,
458 3004 578 3031 nuno
607 2991 840 3032 adsentior
861 2990 1060 3044 Bergkio
1084 2991 1230 3031 diurn.
1261 2992 1404 3043 antiq.
1431 2992 1533 3032 1851
1558 3004 1599 3042 p.
1625 2992 1703 3030 :231
1738 2994 1783 3029 et
1814 2989 1872 3028 M.
1896 2989 2104 3029 Hertzio.

200 3046 319 3087 Olim
351 3051 398 3087 et
429 3047 515 3088 hoc
547 3051 592 3088 et
624 3045 898 3091 uersiculum
929 3053 1134 3088 nostrum
1167 3048 1414 3100 Pomponio
1448 3048 1768 3099 ascripseram.

309 3104 438 3144 Ivnn
478 3103 564 3155 (cf.
596 3104 820 3144 Asconius
860 3105 906 3143 in
939 3103 1171 3144 Ciceronis
1203 3104 1502 3144 Scaurianam
1541 3117 1584 3156 p.
1617 3105 1672 3142 24
1702 3101 1797 3152 Or.)
1859 3103 2101 3141 Annasrvs

198 3159 362 3199 Festus
401 3173 444 3212 p.
487 3161 568 3199 229
607 3159 666 3199 Μ.
716 3160 1052 3213 ‘prophetas
1095 3162 1141 3200 in
1180 3160 1379 3200 Adrasto
1418 3159 1565 3200 Iulius
1611 3161 1814 3199 nominat
1864 3158 2102 3197 antistites

199 3215 406 3256 fanornm
437 3215 812 3269 oraculorumque
850 3217 1149 3269 interpretes:
1190 3229 1288 3256 oum
1330 3217 1512 3269 eapita'
1548 3229 1586 3256 e.
1625 3228 1666 3267 q.
1701 3228 1733 3254 s.

200 3354 504 3408 septenarius
537 3350 770 3396 iambicus
802 3353 850 3395 in
878 3352 1125 3410 trayoeclia
1154 3351 1294 3394 ualde
1321 3355 1590 3408 suspectus.
1633 3348 1774 3393 oeulis
1805 3347 1991 3392 uiolauit
2033 3347 2107 3404 qni

201 3419 313 3464 uidit
352 3420 643 3466 inuidentium
687 3420 740 3466 Ο.
766 3420 1037 3466 Muellerus

340 3490 515 3535 lVLlVS
556 3490 584 3535 2
622 3497 774 3536 saneta
812 3492 872 3536 ita
920 3498 1040 3536 caste
1079 3492 1182 3536 cod.
1232 3493 1280 3535 in
1330 3491 1500 3549 quibus
1551 3491 1691 3533 sancti
1739 3490 1894 3533 latere
1932 3489 2108 3531 monuit

203 3558 531 3619 Kiesslinyius.
570 3567 722 3606 sancte
757 3568 876 3605 casta
914 3561 1156 3620 Berylcius
1192 3560 1390 3618 Ephem.
1430 3560 1547 3605 Hal.
1578 3557 1709 3604 1842
1736 3573 1786 3615 p.
1816 3555 1916 3601 238
1955 3562 2105 3600 sancta

202 3635 321 3672 caste
360 3630 523 3676 Delrio
561 3638 713 3676 sancta
750 3630 811 3675 ibi
848 3638 968 3675 caste
1012 3630 1062 3675 Ο.
1093 3631 1374 3675 Muellerus.
1415 3631 1486 3674 An
1528 3636 1646 3673 casta
1685 3627 1835 3672 caste?
1951 3634 2107 3669 curant

204 3698 471 3756 Berykius,
508 3700 725 3757 fortasse
763 3707 895 3745 recle

1326 3778 2299 3803 ᾼ
