2294 3844
984 276 1044 315 M.
1079 275 1376 316 PACVVIVS
2033 274 2127 324 131.

967 405 1230 457 XXXVII
1272 406 1391 474 (233)

941 501 1147 553 uolucri
1186 502 1351 552 currit

370 600 485 651 Axe
527 600 800 668 quadriga.

950 694 1245 746 XXXVIII
1287 691 1407 763 (20)

222 794 331 846 400
372 791 669 845 Pausillum
710 792 924 860 repeda,
966 793 1150 858 gnato,
1192 811 1221 841 a
1263 790 1527 841 uestibulo
1571 789 1810 859 gradum.

983 909 1220 961 XXXIX
1264 908 1384 978 (32)

377 1010 522 1070 Quae
564 1013 741 1059 mcum
783 1006 1003 1058 uenenis
1044 1006 1191 1057 flexit
1232 1006 1435 1057 socium
1476 1008 1706 1074 pec-tamt.

1071 1124 1166 1176 XL
1209 1122 1291 1194 (4)

1441 1221 1666 1272 eundem
1704 1220 1854 1273 filios

383 1320 495 1373 Sibi
535 1322 842 1389 procreasse
883 1320 976 1387 pe'r
1018 1316 1359 1386 Calipsonem
1400 1321 1695 1369 autumant.

230 1485 414 1525 tandem
437 1497 536 1524 cum
559 1483 694 1523 audio
728 1494 943 1535 angues
974 1482 1243 1533 ingentes
1275 1481 1445 1521 alites
1477 1482 1704 1521 iunctos
1736 1482 1886 1534 iugo,
1920 1495 2009 1522 non
2033 1483 2133 1523 dico

228 1542 406 1582 falso?’
458 1541 577 1581 idem
619 1541 752 1593 epist.
787 1540 874 1579 VII
903 1541 929 1578 4
972 1542 1083 1591 ‘ego
1127 1539 1244 1577 enim
1286 1538 1395 1577 mihi
1433 1543 1485 1577 ut
1524 1537 1638 1578 libet
1678 1542 1815 1590 atque
1854 1542 1905 1577 ut
1943 1541 2138 1579 occurrit

230 1599 401 1648 animo,
436 1598 621 1637 Aeneae
655 1597 824 1636 faciem
854 1595 996 1649 fingo,
1031 1608 1115 1648 ego
1147 1594 1381 1635 Medeae
1413 1607 1520 1634 cum
1553 1596 1671 1634 suis
1705 1595 1988 1647 anguibus
2031 1596 2135 1635 ali-

226 1656 381 1695 tibus
413 1655 630 1694 iunctis
663 1655 814 1706 iugo,
849 1666 933 1701 ego
966 1652 1222 1693 Chremetis
1255 1655 1300 1691 et
1331 1651 1524 1691 alicuius
1546 1651 1877 1695 Parmenonis.'
1925 1651 2134 1693 ConfesS.

225 1712 297 1753 III
328 1713 352 1751 6
385 1711 699 1751 ‘uolantem
738 1715 892 1750 autem
923 1709 1170 1750 Medeam
1202 1709 1292 1749 etsi
1332 1709 1600 1755 cantabam,
1643 1722 1732 1749 non
1764 1710 2042 1758 asserebam,
2090 1715 2135 1748 ot

226 1770 266 1810 si
299 1768 521 1808 cantari
542 1767 869 1813 audiebam,
902 1780 992 1807 non
1023 1765 1295 1808 credebam.2
1336 1766 1394 1806 cf.
1417 1765 1684 1805 Krahnerus
1715 1766 1762 1805 in
1785 1765 1982 1805 Curione
2018 1780 2059 1819 p.
2090 1769 2140 1806 10

228 1830 274 1865 et
314 1827 361 1865 in
393 1824 578 1877 Bergkii
620 1824 794 1877 ephem.
838 1825 944 1864 1852
985 1837 1027 1876 p.
1060 1824 1155 1863 390.
1215 1822 1386 1863 Eodem
1427 1822 1592 1862 referri
1631 1827 1822 1874 possunt
1855 1823 2072 1862 Varronis
2114 1836 2137 1862 e

230 1882 486 1934 Marcipore
527 1886 687 1921 satura
719 1880 795 1929 (fr.
828 1880 915 1921 VII
946 1879 1021 1931 R.)
1055 1878 1175 1932 apud
1205 1878 1320 1919 Non.
1355 1880 1459 1929 451,
1494 1880 1545 1918 16
1587 1879 1719 1919 ‘dixe
1758 1880 1855 1931 regi
1894 1879 2138 1918 Medeam

229 1938 527 1978 adnectam
560 1951 654 1989 per
686 1939 821 1976 ae'ra
852 1937 905 1976 in
936 1936 1065 1976 reda
1097 1936 1422 1988 anguibus,’
1454 1937 1503 1974 in
1536 1936 1700 1988 quibus
1720 1937 1862 1976 uerba
1896 1939 1995 1988 ‘per
2027 1935 2136 1975 aera

228 1997 274 2034 in
306 2009 340 2035 r.
376 1997 434 2034 a.'
477 1995 720 2034 iambicum
760 2006 990 2033 numerum
1028 1992 1238 2045 produnt.
1353 1992 1442 2032 Vix
1483 1992 1669 2032 dubium
1709 1995 1819 2044 quin
1860 1992 1919 2031 ad
1956 1992 2137 2032 Medum

226 2052 310 2092 hoc
350 2051 404 2090 fr.
446 2051 754 2090 reuocandum
794 2051 878 2099 sit3
927 2062 979 2089 ac
1020 2049 1218 2089 fortasse
1257 2049 1415 2089 eodem
1455 2049 1691 2101 pertinent
1730 2049 1785 2091 fr.
1827 2049 2043 2089 XXXVII
2095 2055 2140 2088 et

227 2107 484 2148 XXXVIII.
609 2106 825 2148 XXXVII
858 2107 1059 2147 Isidorus
1091 2104 1236 2145 differ.
1269 2107 1324 2145 47
1357 2106 1649 2145 ‘uolucres
1683 2110 1838 2145 autem
1870 2118 1960 2145 non
1991 2106 2135 2146 solum

230 2178 340 2204 aues
373 2175 616 2212 uocamus,
650 2163 731 2203 sed
763 2162 1082 2215 quadrupedes
1114 2163 1256 2201 nimia
1279 2162 1555 2214 pernicitate
1580 2166 1840 2210 currentes,
1875 2162 1954 2201 sed
1987 2166 2139 2202 tamen

229 2235 326 2261 cum
362 2220 646 2270 adiectione,
687 2224 737 2259 ut
779 2224 892 2272 puta
930 2220 1164 2260 uolucrem
1195 2231 1380 2271 equum,
1423 2218 1656 2258 uolucrem
1689 2218 1916 2270 tigridem.
1980 2221 2038 2259 Vt
2069 2224 2140 2258 est

229 2277 343 2317 illud
383 2277 579 2317 Pacuui:
620 2277 820 2316 uolucri'
855 2290 891 2316 e.
927 2289 966 2327 q.
999 2288 1035 2317 S.
1181 2274 1421 2315 XXXVIII
1454 2276 1622 2315 Festus
1662 2288 1704 2326 p.
1738 2277 1814 2315 281
1850 2275 1911 2314 M.
1953 2278 2139 2327 ‘repc-

231 2334 390 2385 dare,
424 2332 657 2374 recedere.
716 2334 1019 2372 Pacuiusz'
1062 2331 1140 2382 (cf.
1172 2332 1231 2374 H.
1266 2331 1439 2371 Keilius
1479 2331 1505 2373 l.
1538 2331 1567 2373 l.
1602 2344 1644 2383 p.
1676 2330 1776 2382 624)
1819 2331 2056 2383 ‘paulum'
2098 2346 2135 2371 e.

231 2404 272 2443 q.
306 2403 339 2431 s.
459 2390 655 2430 XXXIX
688 2388 875 2430 Seruius
906 2391 954 2429 in
984 2389 1097 2429 Aen.
1131 2390 1170 2430 V
1201 2388 1254 2427 28
1295 2388 1506 2428 ‘flecte
1546 2392 1699 2428 autem
1738 2387 1971 2440 significat
2000 2393 2138 2435 muta,

229 2452 280 2486 ut
320 2448 578 2487 Pacuuius:
620 2451 764 2498 quae’
806 2460 843 2488 e.
883 2460 922 2498 q.
958 2460 993 2486 s.
1051 2446 1197 2485 Recte
1235 2444 1425 2485 Bothius
1465 2444 1623 2485 Circes
1662 2457 1841 2484 uenena
1878 2446 1925 2484 in
1962 2444 2140 2497 Niptris

229 2510 483 2544 memorata
514 2503 756 2543 intellexit.
873 2503 954 2542 XL
977 2503 1242 2542 Priscianus
1263 2501 1326 2542 VI
1346 2515 1387 2554 p.
1413 2502 1494 2541 685
1518 2501 1567 2543 Ρ.
1604 2501 1677 2540 ‘in
1708 2515 1732 2541 o
1765 2501 2028 2553 productam
2063 2501 2138 2541 de-

237 2561 440 2601 sinentia
472 2559 653 2599 Graeca
685 2566 791 2600 sunt
821 2560 1046 2600 feminina
1079 2563 1125 2600 et
1153 2558 1226 2599 uel
1249 2556 1424 2598 Graece
1459 2558 1748 2598 declinantur
1779 2588 1815 2598 ..
1834 2589 1845 2598 .
1874 2558 1947 2598 uel
1978 2557 2139 2598 addita

236 2619 320 2657 nis
353 2617 532 2656 faciunt
564 2617 852 2667 genetiuum,
884 2620 934 2656 ut
963 2616 1082 2656 Dido
1103 2615 1315 2656 Didonis.
1355 2615 1523 2655 Accius
1558 2612 1678 2667 [386]
1713 2615 1969 2655 Pacuuius:
2002 2614 2136 2655 filios’

234 2687 272 2714 e.
306 2687 346 2726 q.
382 2686 416 2717 s.
467 2672 601 2724 paulo
632 2673 774 2712 infra:
818 2672 958 2725 ‘quod
987 2677 1140 2713 autem
1171 2672 1297 2713 Ionis
1329 2677 1376 2712 et
1408 2670 1743 2724 Calypsonis
1774 2676 1819 2711 et
1850 2671 2039 2712 Didonis
2073 2671 2139 2710 di·

233 2731 373 2780 citur,
418 2729 622 2771 ostendit
660 2729 745 2770 hoc
784 2731 920 2770 etiam
963 2728 1223 2770 Caesellius
1260 2728 1441 2768 Vindex
1478 2729 1525 2767 in
1564 2732 1808 2768 stromateo
1845 2727 1917 2767 his
1961 2727 2137 2768 uerbis:

235 2786 626 2839 Calypsonem.
685 2787 752 2825 ita
782 2786 1062 2826 declinatum
1104 2789 1175 2826 est
1205 2785 1325 2837 apud
1357 2785 1585 2837 antiquos.
1645 2785 1807 2825 Liuius
1844 2815 1853 2824 .
1879 2816 1889 2825 .
1915 2815 1924 2824 .
1963 2785 2139 2825 Ennius

243 2874 254 2884 .
271 2873 280 2882 .
299 2874 310 2884 .
339 2844 544 2884 Accius.'
578 2842 894 2891 (Pacubius
924 2843 1101 2883 Amien.
1123 2842 1320 2883 Karolir.
1341 2841 1475 2885 Vind.
1498 2855 1563 2894 pr.
1587 2855 1644 2883 m.
1667 2841 1980 2881 Paccubius
2002 2841 2136 2882 Bern.

229 2928 366 2970 Halb.
407 2906 730 2979 Paucgbius
763 2928 901 2980 Sang.
936 2941 1047 2968 corr.
1080 2941 1137 2968 m.
1171 2927 1252 2967 alt.
1276 2926 1425 2976 Grut.)
1459 2925 1696 2966 Charisius
1727 2925 1748 2964 I
1779 2939 1821 2977 p.
1853 2927 1906 2965 47
1938 2925 1990 2965 Ρ.
2033 2924 2138 2965 ‘sed

228 2984 391 3024 melius
423 2988 546 3024 esset
566 2985 812 3025 secundum
833 2985 1048 3023 Latinam
1071 2983 1449 3024 consuetudinem
1470 2982 1603 3022 huius
1633 2981 1913 3034 Sapphonis,
1944 2981 2140 3022 Didonis

229 3041 391 3082 dicere.
451 3040 568 3081 Nam
600 3046 645 3081 et
675 3041 906 3081 Pacuuius
937 3041 1004 3080 sic
1036 3039 1239 3080 declinat
1268 3070 1277 3079 .
1296 3043 1360 3081 ..'
1406 3039 1582 3092 Niptris
1613 3037 1817 3079 reddidit
1847 3037 2017 3079 Delrio.

369 3219 473 3268 400
510 3220 755 3281 pauxillum
799 3220 849 3266 O.
879 3220 1146 3266 Muellerus
1182 3219 1362 3278 paulum
1403 3219 1506 3264 cocl.
1615 3217 1776 3277 repeda
1829 3217 2028 3262 Vrsinus
2065 3230 2135 3260 re-

230 3290 337 3335 cede
376 3293 477 3337 cod.
648 3290 750 3338 402
790 3305 858 3350 sq.
908 3289 1024 3335 filios
1074 3289 1157 3334 sibi
1194 3302 1457 3349 procreasse
1506 3288 1693 3333 eundem
1736 3287 1982 3333 Charisius
2019 3285 2134 3330 filios

230 3359 364 3419 (filius
401 3358 641 3422 Karolir.)
689 3360 773 3405 sibi
819 3375 1082 3421 procreasse
1126 3360 1289 3405 dicitur
1337 3359 1526 3405 eundem
1563 3359 1850 3403 Priscianus
1895 3355 2010 3401 filios
2057 3355 2135 3400 tibi

230 3445 275 3489 p.
315 3431 498 3478 eandem
540 3433 732 3478 Vossius
774 3430 891 3476 filios
929 3431 1013 3477 sibi
1051 3444 1312 3491 procreasse
1350 3431 1568 3486 Bothius,
1611 3429 1762 3474 CFW
1784 3427 1989 3472 Mueller
2021 3441 2135 3484 pro-

231 3502 330 3546 sod.
359 3502 519 3547 Plaut.
549 3502 649 3548 234
745 3503 786 3547 T
783 3504 1020 3548 roclzcceos
1044 3505 1149 3560 ipse
1176 3503 1282 3547 olim
1305 3503 1521 3560 praetuli
1545 3498 1662 3544 filios
1688 3494 1734 3560 Ι]
1761 3498 1843 3542 sibi
1870 3511 1912 3556 p.
1942 3496 2132 3541 eundem

230 3584 274 3629 p.
311 3570 358 3615 C.
398 3586 438 3620 a.
545 3587 628 3632 per
664 3577 712 3619 in
748 3575 817 3618 lit.
847 3573 990 3619 Halb.
1018 3573 1266 3618 Prisciani
1371 3571 1644 3630 calipsonem
1683 3569 1927 3614 Prisciani
1962 3567 2132 3612 Bamb.

234 3640 379 3685 Halb.
420 3641 566 3700 Sanq.
606 3643 741 3688 Grut.
771 3645 987 3689 Karolir.
1027 3642 1321 3702 Calypsonem
1360 3644 1503 3699 uulqo

1722 3732 1778 3776 9*
