2294 3844
1043 309 1093 350 L.
1129 309 1342 349 A‘r'rivs
2040 314 2132 364 131

1041 439 1165 490 VIII
1209 444 1222 491 <
1245 442 1255 490 1
1279 439 1329 508 1)

382 531 498 583 Heli
543 552 622 583 1110
674 533 945 602 misenum,
994 554 1111 586 eum
1153 536 1282 586 haec
1326 537 1594 603 recordor,
1644 556 1762 587 vum
1816 536 1935 589 illos
1988 540 2136 591 remi-

1563 633 1741 683 nisc‹'›r
1783 634 1915 685 dies!

1083 706 1159 757 IX
1202 704 1284 776 (9)

386 841 792 851 .......
835 801 1053 853 discidia
1099 806 1368 854 amantem
1410 800 1649 854 scindere

382 896 585 948 Turb-at
625 897 867 964 uulgum,
909 897 1078 950 euitat
1121 897 1307 968 [uitam
1348 897 1501 968 regi,}
1546 918 1753 951 moeros
1796 898 1985 952 disicit.

1074 995 1122 1046 X
1165 993 1285 1065 (10)

379 1089 648 1141 Persuasit
689 1108 898 1142 maeror
938 1091 1193 1144 anxitudo
1237 1095 1426 1162 aegr6r
1467 1093 1632 1145 dolor.

1066 1188 1143 1240 XI
1185 1188 1305 1259 (15)

231 1283 339 1334 350
379 1282 632 1334 Disertim
673 1284 724 1334 id
767 1303 932 1336 unum
972 1285 1324 1338 inc6mm0dis
1367 1285 1498 1338 defit
1540 1288 1684 1338 meis.

1052 1382 1155 1434 ΧΠ
1199 1380 1318 1452 (120)

1627 1456 1679 1508 es
1716 1458 1869 1526 mihi,

376 1551 450 1602 Vt
491 1551 652 1603 etiam
693 1570 948 1605 aerumna
987 1553 1119 1604 haec
1159 1552 1293 1605 mihi
1334 1554 1536 1605 luctum
1585 1554 1732 1605 addit
1771 1555 2022 1607 hictibus!
2066 1587 2131 1592 ——

377 1648 514 1710 Quid
554 1651 606 1700 te
646 1649 914 1701 miseraris
960 1647 1197 1720 [s6lum],
1238 1654 1289 1701 et
1329 1650 1654 1719 Eurysacen]
1700 1648 1907 1720 [taces],

340 1782 449 1823 VIII
480 1783 596 1822 Non.
624 1783 729 1835 499,
762 1785 815 1824 32
856 1784 1252 1824 ‘accusatiuus
1292 1797 1370 1837 pro
1411 1785 1627 1836 genetiuo
1667 1814 1675 1822 .
1704 1815 1712 1823 .
1739 1788 1773 1824 .’
1830 1783 2132 1834 (Eurisace

226 1838 405 1890 Bamb.)
537 1839 602 1880 IX
633 1839 746 1880 Non.
779 1842 883 1890 230,
917 1842 969 1880 22
1004 1840 1232 1893 ‘uulgus
1359 1841 1610 1881 masculino
1738 1840 1873 1892 Verg.
1907 1840 2021 1883 Aen.
2056 1840 2132 1881 lib.

227 1909 290 1936 11:
329 1899 439 1936 tunc
478 1909 696 1949 spargere
736 1909 874 1938 uoces
914 1897 958 1936 in
997 1897 1223 1950 uulgum
1262 1898 1570 1949 ambiguas.
1630 1897 1833 1937 Accius
1878 1896 1924 1936 in
1966 1898 2130 1936 Euri·

229 1965 370 1993 sace:
411 1952 616 1992 diffidam
661 1957 814 1993 antem
861 1967 918 1994 ne
959 1953 1112 1994 cidere
1153 1955 1309 1993 turbat
1356 1954 1579 2006 uulgum
1628 1954 1888 2005 ambigua
1936 1954 2132 1994 accius

227 2009 389 2061 euitat,
420 2022 595 2050 moeros
618 2010 806 2049 disicit.’
918 2011 957 2050 X
981 2010 1092 2054 Non.
1120 2012 1186 2059 72,
1212 2012 1265 2050 27
1300 2014 1312 2034 ‘
1331 2010 1646 2051 anxitudo.’
1680 2010 1877 2062 (Desunt
1907 2010 1952 2048 in
1977 2010 2134 2050 Bamb.

228 2078 429 2118 aeg-ror
461 2065 619 2105 dolor
650 2079 750 2106 cum
782 2066 1096 2118 sequentibus)
1184 2067 1249 2107 XI
1279 2067 1393 2107 Non.
1427 2069 1529 2117 509,
1562 2069 1614 2107 27
1649 2067 1930 2107 ‘disertim
1963 2066 2133 2116 dicere,

226 2122 382 2174 plane,
415 2121 591 2174 palam,
625 2123 800 2162 Lucilio
833 2126 1023 2163 auctore
1056 2135 1293 2176 possumus
1323 2127 1443 2165 ....’
1479 2125 1830 2175 (Eurysacae
1864 2123 2046 2175 Bamb.)

227 2179 315 2218 XII
346 2180 461 2218 Non.
493 2180 595 2224 445,
628 2180 653 2218 2
687 2179 974 2219 ‘miserari
1007 2184 1051 2219 et
1091 2180 1350 2219 misereri
1385 2181 1527 2220 ceteri
1560 2180 1632 2220 his
1665 2178 1875 2220 sensibus
1909 2192 2010 2219 esse
2053 2192 2132 2219 uo-

334 2328 433 2374 346
462 2328 550 2372 heu
578 2330 716 2387 uaeclyo
745 2342 799 2372 cu
824 2329 936 2373 libri
1052 2328 1152 2373 illos
1181 2329 1353 2374 Aldina
1380 2329 1456 2373 illc
1482 2329 1594 2373 libri
1616 2330 1833 2387 plerique
1860 2327 1934 2372 ille
1963 2329 2128 2373 Bamb.

333 2397 432 2444 347
471 2397 653 2443 discidia
689 2397 786 2457 <uel
820 2397 953 2443 infida
993 2401 1066 2444 uel
1111 2398 1274 2456 caedis)
1319 2405 1536 2443 amantem
1566 2399 1897 2444 Buecheler-us
1935 2397 2128 2443 diffidam

227 2475 373 2514 antem
398 2470 511 2514 libri
545 2468 740 2513 diffidam
769 2476 985 2515 amantem
1012 2470 1185 2515 Aldina
1212 2468 1406 2514 diffidam
1435 2475 1581 2514 autem
1609 2470 1779 2515 Iunius
1804 2472 1849 2514 in
1877 2482 1966 2526 my.
2005 2469 2129 2513 diss'u·

227 2539 343 2600 giam
383 2555 437 2584 an
475 2545 667 2584 mantem
704 2540 895 2598 Lipsius
932 2541 1083 2599 Epist.
1122 2547 1305 2600 quaest.
1343 2540 1476 2586 IVS
1518 2539 1747 2601 diffingam
1788 2542 1863 2585 uel
1901 2538 2127 2584 diffindam

226 2617 446 2655 amantem
474 2611 709 2656 Bai-thius
738 2611 1086 2670 lphidamantem
1114 2612 1318 2657 Rothius
1356 2610 1562 2656 diffidens
1589 2619 1734 2656 autem
1765 2611 2072 2668 Grolemeyer
2095 2613 2127 2656 l.

225 2684 256 2726 l.
282 2696 331 2740 p.
359 2681 424 2727 33
533 2681 736 2726 scindere
762 2685 940 2740 scripsi
974 2696 1029 2726 ne
1056 2681 1202 2727 cidere
1228 2684 1338 2728 libri
1374 2683 1471 2726 neci
1498 2681 1600 2727 dare
1628 2683 1800 2727 lunius
1823 2684 1870 2726 in
1898 2697 1986 2741 my.
2017 2682 2131 2726 occi-

226 2751 331 2796 dere
360 2752 552 2798 G-rotius
592 2765 647 2796 ne
686 2751 790 2811 quid
831 2766 877 2797 ea
905 2766 952 2797 re
980 2753 1171 2811 Lipsius
1205 2767 1285 2797 nae
1313 2752 1515 2797 cecidero
1543 2753 1760 2798 Bothius.
1803 2753 1903 2797 Nec
1925 2752 2129 2810 fabulae

226 2829 504 2882 ccryumento
539 2835 627 2868 nee
661 2823 802 2868 huius
835 2825 931 2868 loci
964 2827 1228 2869 sententiae
1256 2826 1511 2869 conueniat
1537 2825 1663 2882 quod
1694 2827 1740 2868 in
1778 2828 1974 2867 mentem
2002 2826 2129 2868 uenit

225 2893 297 2953 di,
335 2892 467 2937 fidam
495 2899 712 2937 amantem
741 2893 794 2938 ne
822 2893 1058 2938 concidere
1083 2895 1305 2953 patimini!
1420 2893 1519 2940 348
1561 2893 1708 2938 turbat
1738 2893 1950 2953 uulgum,
1991 2894 2127 2937 euitat

225 2964 430 3009 Rothius
468 2963 616 3008 turbat
657 2963 841 3023 uulgum
879 2963 1081 3024 ambigua
1109 2965 1255 3009 accius
1283 2966 1419 3009 euitat
1444 2967 1556 3010 libri
1593 2963 1740 3008 turbat
1769 2963 1954 3023 uulgum
1993 2962 2128 3007 ambi-

224 3047 360 3094 guum
402 3047 452 3078 ac
491 3035 559 3078 ius
599 3035 738 3080 euitat
777 3035 968 3080 Grotius
1005 3036 1039 3079 si
1082 3034 1230 3080 turbat
1272 3035 1455 3093 uulgum
1495 3034 1777 3094 ambiguum,
1827 3035 1965 3079 euitat
2005 3035 2124 3078 ciues

222 3105 430 3151 Botlzius
468 3103 623 3149 turbat⁴
644 3104 860 3164 uulgum,
900 3112 948 3150 ut
975 3118 1043 3149 me
1071 3104 1219 3165 abigat
1246 3106 1426 3151 ciuitate
1454 3106 1761 3164 Grotemeyer
1859 3105 1992 3148 uitam
2030 3105 2125 3163 regi

224 3175 395 3227 addidi,
435 3178 518 3234 qui
541 3177 645 3220 olim
673 3189 903 3234 procereS,
943 3174 1063 3220 urbis
1093 3179 1429 3234 suppleuerim.
1470 3177 1698 3222 ciuitatem
1725 3177 1803 3221 uel
1843 3177 1990 3220 simile
2016 3176 2129 3233 quid

224 3252 334 3291 ante
370 3246 509 3290 euitat
552 3247 715 3291 deesse
761 3247 950 3291 uidetur
989 3246 1287 3292 Buechelero
1452 3246 1637 3292 Scandia
1679 3254 1725 3291 ut
1761 3245 2123 3290 Amfidamantem

224 3329 342 3360 nunc
388 3314 645 3375 Cytherium
686 3309 696 3379 l
737 3314 978 3374 Exturbat,
1025 3316 1212 3377 uulgum
1249 3319 1413 3375 euitat,
1462 3331 1639 3363 moeros
1680 3315 1850 3361 dissicit
1889 3315 2123 3373 Berqlcins

223 3386 392 3431 Philol.
421 3385 599 3430 XXIX
622 3385 724 3432 330
833 3385 931 3432 349
972 3388 1171 3446 peruasit
1196 3391 1316 3434 eoni.
1346 3389 1665 3447 Kiesslinyius
1769 3398 1942 3430 maeror
1982 3385 2120 3443 uulyo

224 3468 374 3499 meror
398 3457 511 3501 libri
627 3469 790 3517 aegror
827 3457 1167 3503 Lachmanmcs
1204 3460 1249 3503 in
1287 3458 1431 3503 Luer.
1477 3459 1543 3504 VI
1578 3456 1708 3503 1132
1748 3468 1875 3500 error
1910 3456 2023 3500 libri
2141 3472 2171 3499 τ

226 3523 324 3569 352
363 3539 572 3571 aerumna
620 3527 729 3571 haec
767 3527 1035 3574 Schoellius
1079 3528 1188 3573 haec
1234 3542 1414 3573 erumna
1463 3529 1570 3573 haec
1607 3529 1718 3572 libri
1766 3525 1875 3570 haec
1913 3538 2118 3569 aerumna

226 3599 337 3638 ante
373 3595 644 3641 Mercerum
829 3598 1147 3644 Troelzaieum
1185 3602 1509 3656 septenarium
1537 3598 1576 3642 ei
1612 3596 1716 3640 mihi
1757 3601 1805 3638 ut
1844 3595 1973 3640 etiam
2013 3593 2121 3640 haec

226 3677 433 3709 aerumna
470 3678 508 3711 e.
550 3681 594 3726 q.
634 3680 697 3726 s.,
749 3671 936 3728 qualem
978 3669 1088 3728 fere
1136 3671 1228 3715 iam
1270 3670 1472 3715 Botlziecs
1520 3669 1848 3725 indicauerat,
1897 3669 2123 3713 reuocari
