2294 3844
1023 254 1077 304 Q.
1110 254 1334 296 ENNivs
2062 258 2130 310 69

870 383 1083 436 XXVII
1125 383 1350 455 (Telam.
1380 384 1470 456 12)

367 476 475 540 Qus
511 480 592 531 sui
632 484 882 548 quaestus
924 485 1084 532 caiisa
1123 482 1274 533 fictas
1315 483 1577 535 suscitant
1617 486 1910 537 sententias

219 671 326 725 365
368 669 430 724 Si
465 673 613 725 uoles
654 673 934 726 aduortere
974 674 1233 744 animum,
1274 676 1495 729 comiter
1534 678 1935 731 monstrabitur.

366 917 376 926 .
415 874 600 942 1101110,
641 873 731 942 qui
772 874 972 926 erranti
1012 875 1233 927 comiter
1272 879 1500 929 mostrz'it
1539 879 1704 947 uiam,

365 970 527 1032 Quasi
566 972 748 1023 himen
788 970 851 1021 (10
893 989 988 1022 5110
1029 971 1230 1024 himine
1271 975 1549 1044 accendat,
1589 976 1739 1027 facit:

362 1066 548 1120 Nihilo
590 1067 768 1120 minus
808 1067 911 1136 ipsi
951 1068 1115 1137 hicet,
1155 1086 1275 1121 cum
1315 1070 1393 1122 1111
1434 1072 1749 1124 accenderit.

933 1177 1089 1230 XXX
1133 1177 1284 1250 (Hec.
1316 1179 1407 1251 12)

467 1319 475 1328 .
518 1277 608 1345 pol
650 1274 785 1328 1111111
825 1276 1044 1329 fortuna
1083 1278 1256 1347 inagis
1297 1297 1439 1331 1111110
1480 1280 1608 1331 defit
1647 1281 1807 1348 quam
1848 1298 2033 1349 genus

212 1374 319 1426 370
357 1372 604 1442 Namque
645 1391 872 1443 regnum
913 1375 1232 1442 suppetebat
1271 1376 1367 1445 1111,
1408 1379 1468 1428 iit
1509 1377 1643 1428 50135
1685 1380 1887 1445 quanto
1923 1379 1950 1429 0
1989 1379 2124 1445 1000,

360 1470 585 1532 Quantis
627 1470 841 1540 opibuS,
890 1468 1086 1539 quibus
1127 1471 1190 1523 de
1231 1473 1388 1526 rebus
1436 1473 1587 1542 lapsa
1634 1474 1854 1526 fortuna
1902 1474 2123 1527 occidat.

210 1634 350 1686 Atqui
382 1633 498 1674 dixit
530 1633 697 1674 Accius
728 1663 772 1673 ..
802 1636 836 1672 .’
883 1632 1136 1686 Amyntora
1166 1635 1213 1675 in
1245 1635 1477 1676 Phoenice
1517 1633 1677 1676 fabula
1718 1637 1803 1677 hoc
1840 1636 1934 1677 filio
1976 1637 2123 1690 inpre-

211 1692 308 1731 caii
349 1691 552 1731 coniecit
560 1690 820 1754 Bergkius
857 1703 970 1733 111115.
1010 1691 1155 1732 Rhen.
1197 1693 1305 1733 1835
1343 1707 1387 1746 p.
1420 1695 1473 1734 73
1506 1693 1704 1734 conlatis
1737 1694 1933 1761 1101110111
1972 1693 2124 1736 11.1X

209 1749 292 1789 455
323 1747 474 1788 uerbis
506 1740 570 1800 μή
610 1760 730 1788 ποτε
764 1759 996 1800 ‘yovvoccnv
1028 1743 1153 1789 οἷσιν
1189 1742 1486 1801 ἐφέσσεσθαι
1526 1749 1669 1802 φίλον
1700 1745 1810 1791 υἱὸν
1837 1743 1911 1801 Ἐξ
1945 1744 2123 1803 ἐμέθεν

209 1803 441 1859 γεγαῶτα.
548 1803 723 1844 XXVII
754 1804 916 1844 Cicero
951 1804 1005 1844 de
1038 1804 1130 1845 diu.
1162 1805 1184 1845 I
1206 1808 1282 1857 40,
1315 1806 1369 1846 88
1403 1810 1567 1859 eatque
1600 1808 1741 1847 etiam
1773 1811 1881 1847 ante
1913 1807 1995 1847 hos
2016 1807 2123 1846 Am

210 1861 430 1915 phiaraus
471 1864 516 1901 et
547 1861 780 1913 Tiresias,
820 1874 911 1901 non
950 1861 1141 1902 humiles
1174 1867 1220 1903 et
1252 1862 1435 1904 obscuri
1469 1877 1616 1917 neque
1652 1877 1805 1904 eorum
1837 1863 2029 1913 similes,
2073 1868 2123 1904 ut

209 1917 333 1970 apud
363 1918 560 1957 Ennium
592 1921 663 1958 est
700 1948 708 1956 .
735 1949 744 1957 .
773 1919 809 1958 .’
868 1918 922 1957 In
951 1918 1199 1959 Telamone
1230 1923 1334 1972 post
1365 1933 1407 1960 11.
1440 1921 1522 1960 274
1561 1921 1702 1960 inseri
1733 1920 1979 1960 uoluerunt
2007 1920 2121 1960 Vos-

210 1975 303 2014 sius
336 1978 381 2014 et
410 1974 715 2014 Hermannus.
867 1974 1064 2015 XXVIII
1096 1976 1241 2016 Varro
1282 1975 1338 2016 de
1378 1976 1407 2015 l.
1446 1977 1499 2016 L.
1534 1977 1620 2018 VII
1658 1979 1711 2018 89
1743 1979 1802 2017 Μ.
1843 1977 1991 2030 ‘apud
2031 1977 2123 2016 En-

209 2031 354 2070 nium:
387 2031 451 2070 si’
484 2044 525 2071 0.
560 2044 601 2084 q.
634 2044 668 2074 s.
720 2030 1000 2071 ‘comiterz
1041 2031 1188 2071 hilare
1229 2045 1284 2073 ac
1322 2032 1568 2073 lubenter.’
1619 2034 1680 2073 Et
1722 2033 1807 2074 1100
1838 2037 1884 2074 et
1925 2046 2120 2085 sequens

211 2087 262 2129 fr.
290 2100 345 2127 ex
376 2086 580 2139 Telepho
613 2090 765 2139 potest
797 2090 1056 2140 excerptum
1088 2100 1204 2128 esse.
1328 2089 1481 2129 XXIX
1513 2089 1673 2130 Cicero
1707 2090 1762 2130 de
1795 2090 1869 2131 off.
1903 2091 1926 2131 Ι
1959 2091 2025 2140 16,
2061 2092 2115 2131 51

210 2144 433 2184 ‘omnium
472 2148 625 2184 autem
666 2145 923 2184 communia
962 2143 1191 2184 hominum
1229 2145 1444 2186 uidentur
1489 2159 1566 2198 ea,
1616 2159 1732 2199 quae
1784 2150 1889 2186 sunt
1934 2147 2117 2200 generis

207 2201 327 2250 eius,
368 2200 489 2251 quod
528 2201 585 2240 ab
619 2200 765 2240 anio
798 2200 992 2252 positum
1024 2202 1071 2240 in
1108 2214 1200 2240 una
1233 2215 1280 2242 re
1312 2202 1554 2243 transferri
1594 2203 1641 2242 in
1682 2202 1936 2255 permultas
1967 2206 2119 2255 potest

211 2253 504 2310 [366—368]’
565 2257 742 2296 Deinde
773 2258 847 2297 52:
897 2257 1005 2297 ‘sed
1039 2259 1251 2310 quoniam
1285 2259 1444 2311 copiae
1478 2271 1649 2311 paruae
1683 2259 1963 2312 singulorum
1996 2263 2116 2310 sunt,

206 2326 359 2354 eorum
390 2318 563 2360 autem,
598 2314 674 2365 qui
705 2313 776 2354 his
808 2317 995 2365 egeant,
1030 2313 1209 2354 infinita
1233 2318 1302 2354 est
1323 2314 1588 2366 multitudo,
1622 2315 1827 2368 uulgaris
1849 2315 2114 2356 liberalitas

205 2369 452 2411 referenda
482 2374 552 2410 est
584 2369 642 2409 ad
672 2369 800 2409 illum
832 2370 970 2410 Ennii
999 2369 1151 2410 finem:
1186 2371 1365 2411 nihilo
1397 2373 1575 2412 minus
1607 2373 1717 2424 ipsi
1751 2372 1940 2412 lucet.’
1991 2371 2117 2412 Idem

205 2440 284 2479 pro
316 2425 460 2468 Balbo
495 2428 568 2478 16,
601 2428 654 2467 36
687 2431 868 2467 ‘comes
900 2427 1113 2479 benigni,
1152 2427 1340 2478 faciles,
1385 2441 1548 2468 suaues
1581 2429 1786 2469 homines
1819 2441 1918 2468 0550
1954 2428 2116 2469 (1101111-

205 2487 299 2523 tur:
340 2483 432 2535 qui
465 2484 681 2523 erranti
715 2483 946 2524 comiter
977 2488 1256 2525 monstrat
1287 2485 1454 2536 uiam,
1494 2485 1714 2538 benigne,
1757 2498 1845 2526 non
1878 2489 2111 2538 grauate.'

315 2539 443 2580 XXX
475 2538 635 2580 Cicero
667 2541 803 2580 Tusc.
836 2539 950 2593 disp.
982 2540 1051 2580 III
1073 2543 1150 2592 19,
1181 2543 1238 2581 44
1270 2541 1600 2594 ‘quaerendum
1630 2542 1792 2594 igitur,
1825 2541 2116 2594 quemadmo-

205 2595 308 2637 dum
346 2596 637 2650 aegritudine
678 2597 909 2648 priuemus
949 2609 1074 2648 eum,
1116 2598 1194 2650 qui
1232 2598 1299 2638 ita
1339 2598 1484 2639 dicat:
1528 2598 1629 2652 pol’
1672 2612 1710 2641 e.
1753 2611 1794 2651 q.
1836 2611 1870 2639 5.
1937 2598 2114 2649 ‘Quicw

345 2774 447 2822 364
486 2775 624 2820 factas
663 2776 874 2820 suscitam
915 2776 1105 2821 Vindob.
1136 2791 1193 2822 m.
1215 2791 1297 2835 pr.
1410 2776 1510 2823 366
1552 2784 1601 2822 ut
1638 2777 1773 2823 homo
1801 2778 1954 2824 Basil.
1987 2778 2115 2824 Oehl.

206 2846 418 2892 Iambice
466 2844 600 2891 homo
640 2847 849 2891 Ennium
895 2848 972 2892 uel
1023 2849 1166 2892 semel
1208 2850 1470 2905 protulisse
1517 2862 1610 2894 non
1660 2850 1819 2894 credo.
1964 2850 2114 2893 comiti

205 2915 354 2974 (corr.
396 2929 462 2963 ea:
500 2915 703 2974 comiter)
742 2917 958 2963 Ambros.
997 2918 1296 2963 communiter
1333 2918 1485 2964 Bern.
1529 2933 1555 2964 0
1593 2915 1678 2978 (cf.
1716 2934 1808 2977 pro
1836 2918 2008 2975 Balbo)

205 2992 394 3032 mostrat
442 2989 557 3032 uiam
595 2987 811 3033 Ambros.
864 2988 1013 3033 Bern.
1056 2989 1082 3033 b
1130 2995 1350 3034 monstrat
1396 2990 1512 3034 uiam
1550 2990 1799 3048 Herbipol.
1840 2989 1991 3035 Bern.
2045 3004 2112 3035 (ιο

206 3058 320 3102 uiam
361 3064 580 3103 monstrat
618 3059 786 3103 Bamb.
836 3064 1089 3103 monstrant
1137 3059 1251 3103 uiam
1293 3074 1387 3118 pro
1425 3060 1579 3106 Balbo
1620 3060 1859 3106 Gemblac.
2010 3060 2108 3106 367

205 3129 332 3187 quasi
382 3127 533 3173 lumen
580 3128 634 3173 (10
680 3141 764 3173 5110
813 3128 979 3173 lumine
1020 3131 1132 3175 libri
1178 3132 1361 3188 optimi,
1408 3131 1750 3176 Lachmannas
1786 3134 1833 3176 in
1871 3131 2016 3176 Lacr.
2057 3130 2117 3175 ΙΙ

204 3197 302 3243 719
345 3199 472 3258 quasi
511 3198 565 3243 de
603 3213 685 3244 suo
724 3198 890 3243 lumine
928 3199 1080 3244 lumen
1122 3199 1268 3245 Rern.
1311 3214 1337 3245 0
1380 3200 1510 3246 Oelzl.
1646 3200 1745 3247 368
1786 3201 1905 3260 quod
1956 3199 2110 3244 nichil·

204 3268 380 3313 ominus
418 3269 570 3314 Bern.
613 3283 639 3314 0
685 3276 736 3314 ut
784 3268 948 3314 nichilo
996 3271 1142 3315 minus
1184 3269 1314 3315 Oelzl.
1366 3277 1415 3316 ut
1462 3270 1600 3316 nihilo
1650 3271 1795 3314 miuus
1834 3271 1987 3315 Basil.

203 3337 292 3397 ipsi
333 3339 455 3384 lucet
495 3340 610 3384 libri
649 3339 802 3399 infra.
841 3340 927 3399 ipsi
972 3340 1119 3386 luceat
1164 3354 1316 3399 supra
1367 3342 1581 3386 Ambros.
1637 3340 1806 3385 Bamb.
1858 3341 2104 3396 Her-bipol.

203 3408 355 3454 Bern.
394 3410 460 3454 bc
498 3410 582 3469 ipsi
622 3417 672 3454 ut
710 3410 857 3456 luceat
880 3411 1030 3456 Bern.
1058 3426 1087 3455 a
1126 3418 1176 3455 ut
1214 3412 1297 3470 ipsi
1336 3411 1482 3456 luceat
1508 3413 1625 3470 Rey.
1655 3411 1775 3455 Lall.
1910 3409 2011 3455 370
2048 3410 2105 3453 mi

208 3479 399 3524 Grotius
435 3479 560 3525 Bibl.
603 3483 709 3526 crit.
750 3495 860 3526 nou.
900 3481 982 3526 IV
1015 3481 1121 3526 mihi
1157 3483 1272 3526 libri
1401 3481 1499 3528 371
1541 3481 1654 3525 13553
1696 3480 1824 3524 Vincl.
1867 3494 1894 3522 a
1922 3479 2050 3524 Mon.
2080 3480 2106 3525 b

312 3549 485 3594 occidat
510 3551 664 3596 Rehd.
705 3550 839 3596 Vina.
881 3567 910 3596 a
938 3551 1066 3596 Mon.
1109 3567 1161 3609 a,
1204 3555 1412 3612 quinque
1443 3551 1593 3596 Oxou.
1635 3549 1801 3594 accidat
1838 3550 1956 3595 Gud.
1984 3550 2102 3609 Rey.

206 3617 334 3662 Pitlz.
374 3618 525 3664 Bern.
567 3623 672 3677 alii,
714 3623 842 3680 quod
872 3627 1076 3680 propter
1113 3637 1156 3667 u.
1199 3621 1299 3669 206
1337 3628 1524 3667 mutare
1561 3621 1826 3669 nolueram.
