2294 3844
870 188 1311 235 coROLLAMVM
1941 189 2045 237 xm

130 327 234 380 illis
275 332 452 380 autem
500 331 708 395 praeter
755 325 1034 380 <ocdoadum
1085 326 1352 379 endocleaescc-
1401 326 1755 393 enclore‘smecm.
1806 345 1939 396 quae
1989 328 2042 379 in

129 417 336 486 legibus
376 418 552 468 locum
585 420 724 468 certe
766 420 991 484 possunt
1033 415 1310 484 habuisse,
1351 433 1447 467 nec
1489 416 1544 467 in
1584 416 1666 467 his
1694 434 1787 468 nec
1830 417 1884 468 in
1925 416 2042 469 dac·

130 506 302 573 tylicis
329 506 652 557 carminibus
678 505 913 556 extitisse
940 508 1166 572 possunt
1191 505 1559 572 medofostccbcct,
1586 505 1725 572 quod
1753 506 1805 556 in
1832 507 2040 556 senario

132 597 255 661 post
301 612 573 646 caesuram
635 593 1067 660 semiquinariam
1124 597 1244 661 apte
1306 594 1691 660 collocabatur,
1746 595 2042 660 enclopc‘sms

132 686 185 733 et
224 683 394 734 exitus
436 683 630 734 senarii
669 681 997 733 ωῑιῖοΐόνὶιῖσα.
1071 680 1248 733 Plauti
1294 685 1375 733 est
1413 682 1686 733 ioeclcmdire
1727 679 1914 749 (Stich.
1959 683 2040 732 77.

137 770 276 821 167⁵?
333 769 491 822 Mero.
533 771 653 822 941.
687 770 794 820 944
832 768 990 819 Most.
1021 767 1178 838 542);
1221 789 1380 837 quam
1416 769 1762 837 probabiliter
1805 770 1859 820 in
1892 769 2039 820 Accii

132 877 177 908 v.
220 859 288 909 74
327 860 655 910 ‹windamdies
695 857 1010 910 coniecerim
1053 857 1141 908 alii
1183 858 1516 909 iudicabunt:
1571 857 1709 925 apud
1751 857 2040 909 Pacuvium

132 950 272 997 certe
320 947 374 997 in
416 966 460 997 v.
502 947 572 998 35
612 946 922 1015 Kiesslingii
974 947 1246 999 t‘nslcoeulluc'
1289 947 1506 998 minime
1547 947 1904 998 necessarium
1947 952 2039 997 est.

134 1033 336 1084 Tamen
383 1035 697 1102 prudentius
745 1037 929 1086 nostro
986 1035 1102 1087 loco
1154 1036 1326 1087 visum
1383 1039 1463 1087 est
1518 1035 1759 1087 codicum
1815 1035 2039 1102 vestigia

134 1140 386 1189 premere.

280 1209 331 1262 N
335 1229 406 1262 on
423 1214 568 1263 certa
594 1212 807 1279 quidem
825 1215 877 1262 et
903 1212 1217 1280 necessaria,
1236 1212 1326 1263 sed
1353 1212 1713 1264 memorabilis
1731 1211 2041 1263 Buechelcri

134 1299 437 1350 coniectura
487 1303 565 1351 est
621 1319 666 1352 v.
715 1300 783 1352 33
840 1300 992 1351 initio
1042 1301 1137 1351 ‘ecta'
1198 1305 1423 1370 uenatu
1486 1301 1758 1359 uitulcmtc's·
1813 1300 2043 1350 scriben-

135 1387 259 1438 dum
300 1406 430 1439 esse.

283 1475 654 1544 Anapaestum
696 1477 912 1528 secundi
954 1476 1103 1544 pedis
1144 1477 1200 1527 in
1240 1496 1285 1528 v.
1327 1477 1394 1529 37
1440 1480 1513 1530 sic
1554 1478 1799 1530 evitabis:

308 1580 526 1648 ignotae
571 1578 695 1650 [hic]
740 1580 886 1631 iteris
930 1584 1131 1632 sumus:
1176 1578 1239 1649 [si
1280 1581 1359 1631 τιεί
1401 1578 1488 1649 an]
1532 1583 1644 1631 tute
1687 1579 1865 1632 scis..

138 1682 316 1750 Atque
365 1683 508 1734 illius
555 1681 649 1734 hic
696 1682 837 1750 quod
885 1682 1085 1734 inserui
1140 1683 1330 1734 umbra
1376 1683 1556 1734 nescio
1605 1701 1674 1733 an
1734 1683 2044 1751 dispiciatur

139 1770 195 1820 in
233 1771 395 1836 {quoti
429 1770 707 1838 scriptura.
768 1769 894 1823 Non
936 1771 1149 1838 placent
1190 1771 1428 1822 trochaei
1470 1772 1652 1839 quales
1687 1771 2044 1822 Buechelerus

139 1859 369 1927 notavit,
417 1859 525 1911 sive
566 1878 673 1911 uno
707 1877 862 1911 versu
901 1861 1102 1925 iynotae
1140 1860 1282 1911 iteris
1312 1859 1510 1922 seimus,
1550 1864 1606 1910 at
1645 1864 1745 1911 tute
1776 1862 1895 1922 scis,
1937 1861 2044 1910 sive

141 1965 233 2014 per
265 1947 397 1999 duos
430 1947 699 1999 distributi
740 1949 772 1997 τ’.
810 1949 840 1998 ι’.
873 1964 1069 2010 sumus,
1113 1948 1240 1999 Tzite
1270 1949 1389 2010 seis,
1430 1966 1495 1999 ne
1530 1948 1592 1999 de
1626 1949 1832 1999 creticis
1874 1948 2045 1999 dicam

139 2035 336 2087 talibus
380 2038 577 2102 lynotac
615 2036 758 2087 iteris
797 2052 1000 2105 simbus:
1042 2036 1143 2087 tzite
1181 2038 1291 2089 scis.

289 2138 434 2200 Quae
468 2157 514 2190 v.
547 2138 618 2189 42
651 2138 770 2189 dedi
805 2138 963 2189 etiam
1002 2158 1143 2191 nunc
1177 2139 1397 2190 meliora
1428 2140 1558 2190 mihi
1599 2140 1846 2191 videntur
1886 2160 2044 2207 quani

142 2245 276 2295 quae
316 2226 673 2278 Buechelerus
715 2226 940 2277 coniecit

437 2329 527 2381 sed
568 2329 720 2396 quasi
762 2329 932 2380 amnis
974 2328 1081 2381 csta
1121 2331 1262 2397 rapit
1303 2350 1379 2398 se,
1419 2331 1599 2382 tamen
1640 2332 1670 2382 i.
1710 2332 1744 2381 f.

143 2431 269 2483 Non
309 2433 450 2483 enim
490 2432 554 2483 de
594 2433 857 2484 tardanda
896 2433 1201 2502 velocitate⁷
1241 2435 1331 2485 sed
1373 2434 1435 2485 de
1475 2434 1774 2503 frangendo
1823 2435 1911 2501 qui
1954 2435 2042 2484 ob-

145 2520 343 2571 stantia
399 2539 577 2573 secum
623 2522 799 2590 rapiat
853 2523 1054 2589 impetu
1102 2522 1210 2573 sive
1259 2522 1489 2591 Lycurgi
1544 2523 1664 2573 irati
1713 2523 1820 2574 sive
1870 2523 2045 2573 Liberi

145 2609 433 2660 exultantis
472 2610 651 2679 imago
691 2611 783 2662 illa
822 2611 998 2679 posita
1038 2614 1132 2662 est.

292 2711 357 2763 In
396 2732 442 2764 v.
481 2713 552 2765 43
601 2715 744 2766 exitu
793 2715 1085 2766 diiambum
1124 2732 1235 2766 non
1283 2715 1670 2781 toleravissem,
1717 2714 1820 2766 nisi
1870 2714 2044 2781 ipsum

147 2801 294 2852 timos
333 2802 651 2854 vocabulum
690 2801 900 2855 Nonius
941 2803 996 2854 in
1036 2803 1284 2854 lemmate
1332 2805 1634 2854 testaretur.
1713 2802 2042 2869 Quamquam

148 2906 214 2939 ne
261 2890 590 2959 tautologiae
638 2890 851 2958 quidem
906 2892 1054 2943 timos
1097 2907 1266 2957 panos
1321 2894 1404 2942 sat
1458 2891 1669 2942 firmum
1724 2890 2042 2958 praesidium

147 2979 394 3044 paratum
451 2981 532 3028 est
584 2977 802 3030 Pacuvii
855 2998 902 3031 v.
951 2979 1044 3048 53,
1105 2980 1197 3031 ubi
1247 2979 1470 3043 formido
1513 2979 1714 3045 pudor
1773 2978 2045 3029 Leidensis

148 3065 410 3133 scriptura
455 3066 532 3117 illi
569 3083 741 3132 pauor
793 3071 1064 3135 praestare
1119 3068 1340 3119 videtur.
1434 3066 1535 3119 Sed
1591 3067 1784 3135 corrigi
1840 3067 2044 3118 numeri

149 3170 260 3204 non
291 3153 405 3205 sine
437 3153 659 3206 audacia
696 3155 927 3223 quadam
960 3159 1208 3224 possunt,
1249 3160 1308 3207 ut
1340 3173 1367 3206 e
1401 3158 1651 3223 corrupto
1683 3158 1830 3206 textu
1872 3156 2043 3222 ipsum

150 3241 552 3308 compilatorem
617 3243 851 3311 glossam
912 3244 1059 3294 illam
1122 3244 1444 3311 excerpsisse
1507 3246 1818 3295 statuamus,
1909 3241 2045 3301 Quid

152 3328 330 3379 enim?
370 3330 414 3380 si
454 3334 612 3398 poeta
650 3332 858 3384 intimos
895 3332 1096 3383 ccvcimos
1142 3332 1223 3383 vel
1270 3332 1481 3384 intimas
1526 3332 1707 3382 mentis
1745 3330 1827 3381 vel
1866 3330 2048 3380 mentis

153 3416 377 3468 turbatos
429 3418 511 3468 vel
565 3420 731 3470 (14ῑὶφηί
783 3420 1020 3471 sollw'm'tos
1075 3417 1224 3488 (nam
1264 3420 1507 3486 leyesst‘imos
1560 3438 1670 3470 non
1721 3417 1946 3484 quadrat
1991 3418 2046 3467 in

156 3503 499 3574 sententiam)
541 3507 844 3575 scripserat7
891 3508 1136 3560 librarius
1185 3511 1361 3560 autem
1402 3508 1565 3560 animi
1608 3507 1685 3558 vel
1726 3506 1917 3557 mentis
1958 3524 2045 3557 vo-
