2294 3844
858 194 1288 237 colzoLlJAlzlvix‘l
1924 197 2025 238 xlx

126 332 362 384 extitisse
395 348 685 382 consensus
720 329 1003 380 memoriae
1045 329 1107 379 de
1143 330 1339 379 omissa
1379 330 1524 380 finali
1557 349 1582 378 s
1629 348 1852 395 arguere
1887 332 2023 383 vide-

125 423 226 470 tur.
298 418 548 487 Suspicor
590 422 767 470 autem
809 437 839 468 a
880 420 1300 468 commentatore
1342 419 1562 485 antiquo
1613 420 1877 485 ghissema
1916 421 2025 470 uir-

119 508 314 573 ,qc‘wale‘s
354 508 770 575 superscriptum
810 506 972 556 fuisse
1014 506 1248 574 genuino
1288 507 1523 571 w'rye'w's.
1601 505 1752 567 Quod
1795 508 1835 557 si
1879 508 2024 557 resti-

123 596 346 664 tuimus,
401 597 556 648 simul
613 595 836 663 duplicis
892 593 1138 644 adiectivi
1193 595 1438 645 molestia
1493 594 1794 645 liberamur.
1886 594 2025 646 Nam

123 685 542 752 transpositione
600 684 881 735 verborum
930 702 960 734 a
1007 682 1334 734 Buechelero
1384 682 1755 734 commendata
1800 683 1888 733 vibi
1933 684 2024 734 ‘illa

121 773 399 839 ‘ete'mefwilis
437 774 596 840 paulo
646 776 762 823 (mete
807 772 853 823 e't
890 772 1093 836 sapiens
1139 772 1381 823 modds‘te'a
1430 771 1686 838 languida
1733 771 1794 821 fit
1841 772 2025 822 oratio.

126 861 430 930 Defectum,
487 880 590 930 quo
646 862 703 911 in
757 860 928 928 prima
985 860 1199 928 dipodia-
1254 879 1436 911 versus
1491 860 1723 927 laborat,
1786 860 2026 927 quamvis

123 954 206 1002 sat
244 951 593 1019 probabiliter
617 949 829 1001 Reizius
870 949 1072 1000 inserto
1114 953 1202 999 tvm
1227 949 1504 999 resarsisse
1531 948 1794 1016 videatur,
1834 948 2025 1015 duplex

121 1042 396 1107 praeterea
442 1039 633 1091 vocula
669 1038 831 1105 paulo
878 1037 1167 1088 remedium
1210 1037 1450 1105 offertur,
1499 1055 1632 1104 quae
1685 1037 1792 1088 sive
1830 1037 2030 1104 pmdod

123 1127 308 1179 scribis
350 1128 458 1180 sive
489 1127 719 1195 pausillo
761 1124 846 1197 (ut
878 1125 1136 1178 Afranius
1177 1145 1223 1177 v.
1250 1126 1356 1177 296
1399 1126 1652 1193 ‘pauxillo
1695 1126 1860 1193 prius’
1904 1144 2024 1176 con—

120 1215 339 1286 iunxit)⁷
378 1216 524 1268 facili
563 1217 782 1286 negotio
824 1216 1031 1267 tollitur
1071 1216 1264 1267 hiatus,

267 1305 332 1357 V.
372 1306 441 1356 41
493 1305 558 1356 ad
605 1304 860 1356 tuendam
909 1304 1167 1356 librorum
1209 1304 1526 1372 scripturam
1574 1308 1886 1370 optmzzsttum
1925 1346 1934 1354 .
1970 1347 1978 1355 .
2016 1347 2023 1355 .

119 1395 387 1447 muliermn
423 1413 533 1446 non
567 1393 765 1445 suffieit
797 1412 843 1445 v.
876 1393 983 1444 212
1023 1395 1320 1444 ‘matronae
1355 1394 1640 1460 opulentae
1682 1396 2024 1460 optumates²

118 1482 259 1535 Nam
299 1487 353 1535 et
390 1483 476 1534 hic
519 1485 571 1534 et
611 1483 799 1534 ceteris
840 1483 970 1534 loeis
1012 1482 1242 1550 optimas
1285 1481 1477 1532 dicitur
1525 1481 1614 1549 qui
1657 1482 1843 1549 optimi
1885 1481 2020 1533 ordi-

119 1573 202 1623 nis
232 1573 334 1624 -vel
381 1573 506 1640 loci,
560 1573 643 1623 vel
700 1574 789 1639 qui
839 1571 1473 1639 optimarum‘partium‚
1528 1588 1640 1622 non
1696 1571 1785 1637 qui
1835 1570 2024 1638 optimi

120 1663 191 1713 sit
231 1662 395 1713 animi
437 1664 490 1712 et
528 1661 754 1729 ingenii,
794 1660 847 1711 id
889 1659 1030 1728 quod
1071 1657 1374 1711 Cassandra
1422 1659 1484 1710 de
1526 1662 1693 1710 matre
1734 1658 2023 1726 praedicat.

265 1750 331 1802 V.
370 1751 442 1802 44
488 1751 592 1801 tria
640 1750 705 1802 ab
753 1749 908 1801 initio
956 1748 1119 1800 Verba
1169 1766 1290 1800 cum
1335 1748 1533 1816 triplici
1579 1747 1738 1799 modo
1790 1747 2023 1799 ordinari

119 1840 329 1907 possint

702 1911 941 1982 uirgines
981 1912 1170 1963 uereor
1210 1911 1445 1979 aequalis

701 2003 888 2052 uereor
926 2000 1165 2068 uirgines
1206 2000 1443 2067 aequalis

702 2087 942 2157 uirgines
984 2088 1220 2155 aequalis
1260 2105 1447 2139 uereor

119 2192 229 2259 ille,
277 2209 433 2259 quem
480 2193 652 2260 primo
702 2193 818 2243 loco
867 2192 1045 2259 posui,
1094 2209 1124 2241 a
1169 2191 1428 2242 librorum
1476 2189 1738 2256 scriptura
1785 2190 2021 2256 proxime

120 2280 292 2348 abest,
341 2280 431 2332 sed
479 2280 618 2332 iden]
660 2281 1001 2348 anapaestico
1043 2279 1304 2331 vocabulo
1346 2278 1562 2330 minime
1605 2277 2020 2329 commendatur.

118 2368 553 2421 Adlitterationis
603 2370 770 2421 virtus
820 2369 1117 2421 communis
1166 2370 1246 2419 est
1299 2367 1470 2435 primo
1520 2369 1573 2417 et
1620 2365 1875 2434 secundo,
1931 2366 2020 2416 sed

117 2459 174 2508 in
214 2457 317 2509 hoc
356 2459 537 2510 nescio
579 2458 706 2526 quid
744 2457 986 2526 languidi
1019 2475 1137 2509 meo
1173 2474 1332 2508 sensu
1371 2455 1536 2506 habet
1576 2454 1827 2505 creticum
1869 2471 2019 2505 voca-

117 2546 324 2614 bulum,
366 2547 514 2598 cuius
554 2547 656 2598 hoc
695 2565 879 2599 versus
918 2548 1036 2598 loeo
1077 2546 1240 2614 positi
1279 2544 1418 2596 inter
1458 2546 1540 2595 tot
1578 2544 1904 2612 tragicarum
1944 2561 2019 2594 re-

117 2635 402 2702 liquiarum
443 2636 774 2703 septenarios
814 2635 1137 2703 paucissima
1178 2636 1304 2685 sunt
1345 2633 1599 2700 exempla.
1664 2630 1801 2683 Sunt
1841 2634 2018 2682 autem

116 2723 269 2775 haec:
316 2723 559 2779 Ennii.v.
597 2724 697 2775 149
741 2725 895 2791 ‘quae
928 2741 1047 2774 mea
1083 2723 1365 2775 comminus
1394 2721 1723 2787 machaera',
1763 2720 1871 2770 274
1912 2720 2021 2786 ‘qui

118 2811 218 2862 sibi
263 2813 496 2864 semitam
536 2831 647 2864 non
696 2812 958 2880 sapiunt’‚
1004 2810 1154 2863 Accii
1199 2811 1302 2863 190
1351 2810 1572 2862 ‘ueritus
1621 2827 1738 2860 sum
1786 2808 2020 2871 arbitros5

117 2902 275 2967 atque
323 2900 574 2968 utinam’,
627 2901 728 2952 ine.
775 2900 877 2951 ine.
922 2900 1030 2952 fab.
1080 2900 1147 2952 89
1204 2900 1431 2952 esoluere
1486 2900 1708 2965 iwwerat
1752 2897 2020 2964 secundo'‚

117 2988 226 3039 214
275 2989 448 3056 ‘pater
501 2989 743 3057 inquam,
796 2989 1032 3056 hospites,
1087 2991 1240 3057 pater
1293 2991 1414 3040 me'.
1492 2985 1638 3048 Quae
1696 3004 2018 3054 quamquam

117 3075 508 3129 dubitationem
546 3077 750 3128 nullam
790 3077 907 3145 ipsa
947 3077 1262 3144 admittunt,
1300 3078 1487 3128 nostro
1528 3078 1710 3126 tamen
1749 3075 1866 3126 loco
1906 3092 2017 3124 non

118 3164 429 3216 crediderim
473 3167 688 3233 poetam
729 3165 898 3216 multo
948 3166 1193 3217 meliores
1233 3182 1485 3216 numeros
1523 3164 1752 3229 nimime
1790 3161 2018 3227 aequalis

115 3269 289 3304 uereor
318 3271 445 3322 prae
484 3253 601 3304 istis
643 3253 920 3321 sprevisse.
987 3251 1129 3304 Nam
1169 3252 1514 3304 adlitterandi
1553 3252 1632 3303 vis
1673 3251 1833 3301 etiam
1873 3249 2015 3299 ultra

115 3341 460 3409 interpositas
506 3358 663 3393 voces
710 3341 864 3392 binas
905 3342 989 3393 vel
1029 3342 1268 3410 singulas
1315 3341 1550 3393 valebat:
1590 3339 1830 3406 exempla
1870 3336 2014 3388 suffi-

117 3428 263 3480 ciant
308 3428 445 3480 Livii
486 3429 518 3480 6
557 3430 652 3497 41,
699 3428 890 3482 Naevii
935 3430 999 3481 19
1041 3430 1110 3481 39
1152 3431 1220 3481 47
1264 3429 1356 3497 61,
1403 3428 1568 3480 Ennii
1614 3427 1716 3479 140
1762 3425 1865 3477 165
1906 3426 2010 3478 261

117 3515 225 3567 292
263 3516 370 3569 315
390 3516 531 3573 398.

1598 3616 1660 3656 l›²÷³
