2294 3844
225 186 258 236 [Ὁ

260 186 293 236 Ν)

1020 188 1072 236 Q.
1107 185 1324 226 nnmvs

920 315 1024 366 VII
1068 313 1193 384 (ine.
1219 317 1354 366 auet.
1384 313 1440 383 7)

1735 412 1892 479 eheu,
1931 410 2132 462 uidete!

265 509 335 559 55)
377 507 643 558 Iudicabit
683 505 946 558 inclutum
986 504 1242 558 iudicium
1282 506 1422 558 inter
1462 506 1586 558 deas
1625 507 1722 558 tris
1763 507 1977 575 aliquis:

377 602 490 663 Quo
518 603 712 654 iudicio
739 603 1163 654 Lacedaemonia
1187 603 1391 670 mulier,
1414 601 1697 654 Furiarum
1721 607 1844 671 una,
1870 602 2132 654 adueniet.

1048 698 1182 750 VIII
1225 696 1308 768 (8)

299 865 304 868 ἡ
376 794 418 846 Ο
459 795 549 846 lux
591 793 805 862 Troiae,
846 796 1098 863 germane
1137 794 1360 847 Hector!

382 890 519 951 Quid
560 888 635 941 sta
635 928 896 941 ......
938 909 1056 942 euni
1096 893 1189 943 tuo
1230 892 1462 943 lacerato
1505 890 1747 958 corpore,

384 985 570 1054 Miser,
610 990 703 1037 aut
743 986 833 1054 qui
873 989 924 1038 te
968 987 1041 1038 sie
1080 988 1379 1039 tract-auem
1420 986 1575 1038 nobis
1614 985 2079 1055 respectantibus?

1077 1083 1154 1134 IX
1198 1081 1281 1153 (7)

269 1179 338 1229 (150
377 1177 518 1229 Nam
560 1178 790 1230 maximo
833 1179 972 1230 saltu
1014 1179 1288 1247 superabit
1327 1178 1580 1248 grauidus
1623 1176 1843 1230 armatis
1884 1197 2065 1247 equus,

381 1273 486 1326 Suo
531 1274 621 1342 qui
660 1277 818 1342 part-u
861 1316 870 1325 .
913 1316 922 1325 .
965 1316 974 1325 .
1017 1317 1026 1326 .
1066 1275 1255 1343 perdat
1293 1274 1555 1344 Pergama
1595 1275 1775 1327 ardua.

1096 1370 1145 1422 X
1188 1368 1271 1440 (1)

379 1467 499 1529 †—
543 1467 740 1519 amidio
781 1487 946 1536 purus
987 1470 1148 1535 putus

339 1630 424 1670 VII
458 1629 618 1670 Cicero
649 1629 702 1669 de
727 1629 816 1670 diu.
840 1631 861 1670 I
884 1632 951 1681 50,
978 1631 1057 1669 114
1090 1626 1365 1670 ‘furibunda
1386 1642 1513 1670 mens
1535 1630 1661 1670 uidet
1692 1633 1800 1672 ante
1830 1632 1987 1682 multo,
2022 1645 2139 1684 quae

230 1690 334 1726 sunt
366 1687 540 1726 futura:
574 1700 661 1739 quo
695 1686 751 1725 de
781 1699 952 1738 genere
985 1686 1066 1726 illa
1099 1690 1204 1726 sunt
1233 1690 1326 1727 ...'
1361 1687 1417 1726 ef.
1450 1686 1618 1727 ibidem
1649 1688 1695 1727 II
1727 1689 1807 1738 55,
1841 1689 1919 1728 112
1955 1686 2055 1739 (VI)

343 1743 450 1783 VIII
480 1743 742 1783 Macrobius
774 1744 869 1783 Sat.
900 1744 963 1783 VI
996 1745 1037 1795 2,
1073 1744 1124 1784 18
1157 1743 1434 1794 ‘Vergilius:
1477 1756 1501 1783 o
1535 1743 1613 1783 lux
1646 1739 1933 1794 Dardaniae,
1977 1758 2082 1797 spes
2115 1759 2140 1786 0

228 1798 446 1839 fidissima
476 1800 725 1849 Teucrum,
761 1803 806 1839 et
838 1799 1030 1852 reliqua.
1077 1799 1254 1839 Ennius
1286 1799 1333 1838 in
1364 1798 1627 1839 Alexandro
1659 1831 1667 1840 .
1688 1831 1694 1839 .
1714 1803 1749 1840 .’
1867 1801 1931 1841 IX
1964 1801 2138 1842 Maero-

229 1855 329 1894 bius
361 1858 458 1898 Sat.
493 1857 554 1896 VI
584 1859 623 1907 2,
658 1858 710 1897 25
743 1856 1022 1907 ‘Vergiliusz
1064 1869 1166 1895 eum
1198 1856 1358 1896 fatalis
1389 1869 1533 1908 equus
1566 1856 1688 1896 saltu
1722 1869 1858 1908 super
1890 1857 2032 1897 ardua
2064 1871 2140 1898 ue-

229 1911 296 1951 nit
325 1911 574 1966 Pergama,
615 1918 660 1952 et
699 1917 922 1952 armatum
962 1913 1163 1965 peditem
1195 1914 1348 1965 grauis
1381 1912 1539 1953 attulit
1571 1913 1690 1953 aluo.
1752 1914 1928 1954 Ennius
1958 1914 2004 1953 in
2037 1914 2141 1954 Ale-

228 1968 401 2008 xandro
432 1999 468 2009 ..
489 1973 524 2008 .’
584 1968 756 2009 ibidem
788 1969 857 2009 111
890 1971 962 2020 13,
999 1971 1049 2010 13
1084 1972 1160 2008 ‘ut
1190 1968 1269 2008 ille
1301 1969 1528 2009 Troianus
1562 1982 1702 2022 equus
1743 1970 2015 2021 grauidus
2058 1983 2141 2010 ar-

230 2025 391 2064 matis
424 2025 549 2068 fuit.’
663 2025 704 2064 X
735 2026 898 2065 Festus
929 2037 973 2078 p.
1006 2027 1087 2065 217
1118 2025 1177 2065 M.
1209 2022 1413 2078 ‘'[putum
1444 2039 1523 2078 pro
1557 2039 1668 2078 puro
1701 2025 1887 2080 dixisse]
1924 2028 2139 2080 antiquos

237 2103 361 2108 ——
395 2095 494 2134 neq.
531 2080 684 2135 [aliter
722 2084 905 2134 aceepit
943 2083 1116 2121 Ennius
1146 2095 1245 2122 eum
1284 2080 1415 2134 dixit]
1458 2082 1794 2122 inalexandr
1822 2113 2134 2125 .........

232 2137 434 2177 amidio
470 2151 635 2190 purus
667 2135 929 2191 put[us].'
964 2138 1043 2189 (ef.
1068 2138 1324 2179 H.1<eili11s
1348 2139 1462 2178 Mus.
1488 2139 1632 2179 Rhen.
1655 2139 1718 2180 VI
1751 2153 1792 2191 p.
1827 2140 1926 2190 622)
1963 2140 2141 2180 Gellius

232 2194 291 2232 VI
324 2196 349 2233 5
382 2195 631 2247 ‘seriptum
663 2199 734 2235 est
767 2198 920 2235 autem
953 2207 1141 2247 purum
1174 2199 1363 2247 putum
1392 2227 1401 2236 .
1428 2226 1437 2235 .
1464 2225 1474 2236 .
1504 2200 1599 2235 tum
1631 2196 1677 2234 in
1709 2196 1763 2245 Q.
1797 2208 1970 2248 quoque
2004 2197 2143 2236 Ennii

229 2250 489 2301 tragoedia,
530 2264 647 2303 quae
690 2251 959 2291 inscribitur
987 2250 1283 2293 Alexander.’
1400 2252 1510 2292 Post
1542 2265 1584 2291 u.
1614 2253 1668 2291 43
1706 2251 1780 2291 uel
1822 2259 1945 2292 certe
1986 2253 2142 2305 aliquo

234 2307 365 2345 huius
398 2307 584 2347 fabulae
617 2307 718 2347 loeo
743 2307 1004 2347 Cassandra
1037 2308 1204 2347 dixisse
1239 2311 1392 2360 potest
1421 2309 1514 2347 ine,
1544 2308 1634 2349 ine.
1668 2308 1760 2348 fab.
1784 2309 1861 2348 IX.
1895 2309 2143 2350 Praeterea

231 2363 287 2401 ad
326 2376 424 2402 eam
463 2363 764 2415 probabiliter
800 2364 1061 2404 referuntur
1098 2364 1186 2405 ine.
1220 2378 1337 2404 nom.
1370 2364 1459 2403 XII
1500 2369 1545 2404 et
1589 2364 1677 2403 ine.
1710 2364 1799 2405 ine.
1843 2365 1934 2404 fab.
1967 2365 2019 2408 X.
2074 2367 2141 2405 Ex

234 2418 421 2471 prologo
455 2425 680 2472 sumptum
715 2432 814 2460 esse
850 2420 1025 2460 eonieei
1057 2420 1146 2462 inc.
1180 2421 1269 2460 ine.
1302 2420 1394 2460 fab.
1429 2420 1468 2459 V

376 2626 440 2672 55
480 2627 687 2673 iudicabit
729 2629 991 2688 Berqlsius,
1034 2629 1100 2673 M.
1129 2629 1376 2687 Haupiius
1414 2629 1585 2674 Plzilol.
1614 2629 1700 2674 III
1724 2628 1842 2687 547,
1883 2633 1965 2688 qui
2000 2625 2141 2675 eliam

233 2711 456 2742 numeros
496 2701 751 2744 constituit.
803 2698 1014 2744 iudicauit
1051 2700 1161 2744 libri
1267 2699 1468 2744 inclitum
1507 2693 1673 2744 AB¹H
1710 2699 1925 2759 inclytum
1953 2695 2078 2746 B2V

233 2767 296 2813 58
325 2781 393 2827 sq.
424 2773 472 2812 uc
502 2768 566 2813 57
607 2776 899 2828 (ιηαραεείοε
939 2783 1041 2816 esse
1079 2772 1227 2815 uoluit
1266 2771 1455 2815 Vossius
1564 2770 1628 2816 58
1668 2771 1726 2814 ita
1766 2784 1865 2814 cum
1906 2777 1982 2815 tuo
2021 2771 2144 2827 libri,

233 2851 356 2896 quae
383 2841 575 2884 insertis
603 2846 645 2884 te
672 2847 938 2885 contuemur
955 2845 1068 2899 post
1094 2841 1153 2884 ila
1180 2843 1377 2885 seruari
1399 2843 1547 2886 uoluit
1576 2839 1616 2884 V
1615 2841 1816 2885 ablenus
1841 2854 1958 2886 mus.
1987 2842 2140 2887 Rhea.

232 2909 365 2953 XIV
398 2908 496 2954 567
549 2913 669 2955 conl.
713 2926 824 2955 αηη.
870 2910 951 2955 52.
992 2910 1074 2957 55.
1121 2911 1235 2956 179.
1274 2909 1376 2955 424
1415 2911 1539 2956 Med.
1578 2911 1650 2969 fr.
1689 2910 1831 2956 XIV.
1895 2912 2142 2958 Lacunam

234 2981 384 3023 uariis
422 2981 580 3036 modis,
623 2994 663 3025 e.
695 2995 736 3026 c,
764 2984 860 3026 sic.-
900 2981 1005 3040 quid
1044 2981 1103 3025 ita
1145 2976 1386 3042 [iacentem
1427 2980 1468 3025 te
1505 2977 1631 3042 tuor]
1674 2988 1753 3026 tuo
1793 2981 1892 3026 elim
1931 2982 1959 3026 l.
1987 2997 2026 3028 c.
2055 2995 2139 3028 ex-

229 3051 367 3107 plere
403 3051 530 3094 licet.
609 3056 650 3094 le
697 3052 756 3094 ita
794 3052 1008 3096 continuo
1061 3051 1254 3097 Vossius
1400 3051 1463 3097 59
1513 3058 1764 3097 tractauere
1813 3050 1941 3097 nobis
1988 3067 2140 3112 respe-

169 3176 177 3184 ,
233 3115 478 3180 ommibus]
520 3121 874 3179 respectantibus
916 3128 1162 3166 tractauere
1200 3121 1328 3167 nobis
1353 3123 1465 3167 libri
1560 3122 1795 3168 Numeros
1815 3137 1994 3180 purum
2022 3138 2138 3181 pro-

234 3191 414 3235 babiles
452 3192 795 3235 commendauit
833 3192 1083 3248 Roeperus
1130 3193 1299 3238 Philol.
1339 3193 1527 3239 XVIII
1560 3191 1660 3239 362
1701 3207 1771 3251 sq.
1919 3193 1986 3239 60
2023 3207 2141 3238 nune

234 3261 350 3305 Par.
463 3260 692 3320 superabit
746 3262 937 3307 Vossius
985 3263 1215 3321 superauit
1259 3263 1370 3308 libri
1477 3261 1686 3323 grauibus
1736 3263 1912 3306 armatis
1952 3262 2138 3322 Anyli’c.

235 3329 352 3377 Par.
392 3331 518 3376 Mecl.
559 3347 586 3375 u
616 3332 641 3375 b
670 3346 695 3376 c
735 3333 883 3390 grauis
923 3338 1116 3376 armatus
1158 3332 1332 3378 Sulisb.
1480 3334 1541 3379 61
1592 3333 1667 3391 qui
1713 3346 1796 3376 suo
1835 3338 1965 3391 partu
2003 3333 2138 3379 ardua

234 3400 390 3459 perdat
436 3400 647 3461 Pergama
694 3403 830 3459 libri,
887 3405 978 3446 nisi
1023 3404 1147 3460 quod
1190 3402 1405 3463 Pergama
1454 3419 1541 3448 om.
1597 3402 1791 3458 Salisb.,
1844 3408 2136 3462 transposuit

238 3470 503 3529 Berqlsius,
543 3475 625 3530 qui
662 3478 817 3517 [anien
856 3475 1072 3517 senarios
1110 3473 1347 3518 dimensus
1373 3478 1468 3518 est.-
1507 3474 1774 3530 suppletum
1813 3478 2138 3532 septenarium

238 3553 355 3584 uoce
392 3541 654 3600 prodigioso
687 3545 942 3600 proposuit
995 3543 1233 3587 Valzlenus
1378 3542 1441 3588 62
1481 3541 1718 3586 Catamidio
1774 3543 1963 3589 Vossius
