2294 3844
249 243 282 284 L
981 230 1415 281 COROLLARIVM

248 382 355 426 tem
412 391 617 426 currere
653 394 662 424 z
698 373 1014 425 Praesertim
1069 373 1122 423 111
1171 390 1225 423 16
1280 371 1462 438 populi
1517 370 1722 436 placida
1772 375 1928 439 atque
1982 373 2139 423 inter-

250 464 398 514 fectis
439 463 682 514 hostibus
725 463 840 514 No'n
883 464 1013 513 dccet
1049 459 1400 511 tuinultua1·i.’

393 564 455 617 V.
498 567 567 618 25
609 586 683 634 sq.
725 566 918 617 lemma
959 565 1014 615 in
1055 563 1298 614 Leidensi
1336 563 1436 614 11ss
1477 562 1582 613 tale
1624 565 1768 613 extat
1795 581 1804 612 :
1831 561 2142 630 Flayesccre,

247 656 421 722 sltmgse'.

395 743 457 796 V.
499 745 569 796 30
611 762 683 812 sq.
750 743 952 795 Gaudet
989 744 1127 793 recte
1167 739 1337 792 facere
1379 741 1467 807 qui
1508 739 1732 790 libenter
1773 743 1825 790 et
1864 758 1927 791 ex
1967 741 2143 792 animo

246 839 385 886 recte
426 834 596 884 facere
638 832 835 899 studet,
873 832 1042 898 piaret
1080 830 1215 880 male
1263 829 1434 879 facere
1476 829 1564 896 qui
1604 828 1801 878 invitus
1843 832 1895 879 et
1934 831 2145 880 coactus

246 923 390 972 illam
431 921 865 972 consuetudinem
905 919 1170 986 relinquit.
1248 915 1373 968 Non
1414 920 1492 967 est
1540 917 1703 984 igitur
1743 934 1834 967 cur
1882 917 2145 985 gaudendi

247 1011 485 1077 verbum,
535 1009 684 1077 quasi
727 1008 876 1059 alteri
916 1026 1025 1060 non
1073 1006 1396 1058 contrarium
1447 1006 1535 1072 sit,
1576 1008 1820 1056 mutetur.
1899 1004 2146 1057 Dubitari

246 1100 306 1150 de
347 1100 462 1166 ipsa
498 1098 759 1149 sententia
801 1099 998 1163 potest7
1041 1112 1173 1164 quae
1215 1094 1424 1162 qualem
1457 1094 1512 1143 in
1551 1097 1699 1144 textu
1739 1094 1893 1162 posui
1927 1095 2144 1145 minime

247 1188 389 1239 omni
431 1206 492 1238 ex
533 1190 680 1254 parte
721 1201 843 1236 vera
885 1188 984 1252 est,
1025 1184 1186 1234 immo
1227 1182 1399 1233 verior
1439 1183 1704 1233 contraria
1746 1186 1900 1234 eratzf

463 1293 563 1327 ‘non
607 1277 788 1325 omnes
831 1272 1064 1341 gaudent
1105 1272 1275 1322 facere
1316 1273 1477 1337 16616,
1518 1271 1654 1320 male
1694 1271 1920 1339 pigrent.

251 1366 321 1416 At
354 1366 494 1416 6111111
526 1363 812 1429 116561111113,
853 1365 1030 1412 utrum
1065 1363 1206 1411 certo
1248 1358 1457 1409 fabulae
1483 1359 1598 1410 1060
1631 1377 1889 1426 personae
1924 1360 2143 1427 loquen-

249 1456 318 1504 tis
359 1454 594 1505 moribus
637 1456 687 1503 et
729 1451 949 1503 consilio
991 1449 1166 1517 aptius
1206 1447 1377 1498 fuerit.
2155 1436 2162 1441 ’

390 1556 452 1608 V.
509 1558 579 1609 34
636 1576 710 1624 sq.
767 1555 914 1606 nolui
971 1570 1240 1605 sacrorum
1294 1551 1513 1602 verbum
1567 1550 1859 1603 incohatum
1915 1551 2143 1603 turbare.

243 1645 383 1697 Nam
439 1650 497 1696 ut
550 1645 758 1696 Aeneas
816 1643 955 1711 apud
1010 1641 1307 1710 Vergilium
1355 1638 1486 1690 Aen.
1535 1638 1613 1691 VI
1665 1639 1772 1691 252
1830 1644 2144 1692 ‘nocturnas

243 1735 459 1786 incohat
499 1739 664 1801 aras,’
716 1734 764 1784 h.
807 1752 847 1784 e.
890 1731 1085 1783 extruit
1125 1732 1282 1798 atque
1323 1728 1581 1796 incendit,
1630 1729 1702 1779 sic
1751 1728 1952 1780 fulmen
1993 1730 2144 1798 quasi

243 1824 418 1874 focum
458 1823 513 1874 in
561 1825 771 1890 pectore
820 1820 1113 1888 inpositum
1160 1819 1430 1870 flammam
1481 1816 1708 1867 excitare
1757 1818 2144 1886 excitatamque

245 1912 519 1963 ostendere
574 1911 841 1978 intellego,
929 1908 1190 1960 Faciliora
1248 1907 1425 1959 omnia
1483 1909 1681 1973 essent,
1738 1905 1781 1956 si
1836 1906 2145 1957 inculcatum

246 2001 400 2052 fidem
441 2000 673 2052 haberet.

391 2088 453 2141 V.
494 2089 563 2141 43
607 2108 680 2158 sq.
761 2086 1048 2156 septenarii
1088 2086 1222 2137 tales

411 2192 717 2244 inimicitias
758 2191 1131 2259 Pelopidarum
1174 2186 1436 2239 extinctas
1478 2186 1621 2238 fama
1664 2184 1940 2239 oblitteras

413 2282 667 2332 memoria
707 2281 964 2332 renouare

243 2402 374 2451 quos
414 2385 622 2435 institui
662 2401 817 2451 posse
850 2381 1202 2433 Buechelerus
1242 2380 1472 2445 monuit,
1512 2396 1578 2429 ne
1618 2379 1720 2445 ipsi
1762 2378 1973 2446 quidem
2014 2379 2143 2430 satis

241 2473 567 2538 placuerunt.
647 2470 892 2523 Ceterum
931 2469 1070 2520 idem
1112 2469 1155 2519 si
1196 2468 1456 2519 extinctas
1502 2467 1649 2531 fama
1697 2467 2002 2518 inimicitias
2043 2467 2144 2518 dici

243 2561 429 2627 voluit,
477 2562 674 2611 samam
724 2559 934 2628 quidem
981 2558 1056 2608 rei
1106 2560 1344 2623 tempore
1385 2560 1437 2606 et
1477 2555 1688 2606 silentio
1741 2556 1980 2623 extingui
2020 2556 2144 2623 scio,

244 2649 333 2699 sed
374 2650 515 2699 fama
555 2666 637 2699 res
679 2648 1118 2699 circumferuntur
1157 2645 1444 2711 vulgantur
1482 2644 1787 2710 traduntur,
1828 2644 2143 2711 extinguun-

242 2743 328 2787 tur
354 2755 667 2805 numquam3
710 2737 791 2788 sin
820 2736 965 2801 frema
992 2735 1246 2786 oblitteras
1271 2732 1567 2798 coniunxit,
1609 2731 1870 2782 claudicat
1903 2735 1955 2781 et
1979 2731 2142 2781 abun-

243 2825 333 2875 dat
372 2827 614 2877 memoria
641 2845 650 2876 :
677 2843 803 2876 nam
842 2842 918 2892 re,
958 2841 1067 2875 non
1099 2820 1354 2873 memoria
1393 2823 1604 2870 tantum
1638 2818 1879 2870 renovari
1919 2818 2141 2870 inimici-

246 2914 349 2964 tias
392 2915 627 2982 queritur
667 2915 754 2965 ille
794 2914 850 2964 in
882 2911 1171 2981 tragoedia.

390 3015 452 3066 V.
480 3017 550 3067 50
571 3017 750 3083 profer
783 3016 847 3068 ad
880 3014 1230 3067 Terentianae
1261 3011 1600 3064 Phormionis
1634 3028 1678 3061 v.
1706 3010 1813 3062 395
1846 3011 2143 3077 exemplum

245 3104 453 3172 scripsi:
496 3106 832 3173 ‘progeniem
879 3107 1114 3155 vostram
1153 3119 1319 3170 usque
1370 3101 1436 3152 ab
1479 3117 1574 3151 avo
1623 3103 1780 3166 atque
1829 3101 1985 3149 atavo
2024 3117 2141 3165 pro-

244 3194 454 3244 ferens.'

392 3281 476 3331 Ad
517 3298 560 3331 v.
609 3282 680 3332 60
734 3285 943 3348 praeter
995 3281 1256 3347 repentino
1310 3294 1612 3328 mensuram
1668 3275 1869 3325 formae
1922 3274 2142 3339 repetam

244 3370 569 3420 mentionem
595 3369 765 3419 facere
791 3369 953 3436 volui,
979 3369 1069 3420 ubi
1093 3368 1329 3434 repemina
1354 3365 1662 3432 typothetae
1688 3365 1903 3430 peccato
1930 3361 2135 3429 legitur.

394 3472 455 3523 V.
483 3473 552 3523 (34
580 3491 654 3540 sq.
682 3473 880 3523 amicus
907 3471 1120 3539 quidam
1147 3468 1484 3520 doctissimus
1510 3467 1750 3533 idemque
1785 3481 1936 3515 aures
1961 3464 2140 3515 tersis-

249 3561 410 3610 simus
437 3560 643 3611 monuit
662 3564 868 3610 servato
887 3560 1166 3610 verborum
1193 3556 1375 3608 ordine
1403 3559 1484 3606 sat
1509 3553 1781 3606 commode
1808 3553 1880 3604 sic
1907 3570 2137 3604 currere:
