<?xml version="1.0" encoding="UTF-8"?>
<!DOCTYPE html PUBLIC "-//W3C//DTD XHTML 1.0 Transitional//EN"
    "http://www.w3.org/TR/xhtml1/DTD/xhtml1-transitional.dtd">
<html xmlns="http://www.w3.org/1999/xhtml" xml:lang="en" lang="en">
 <head>
  <title>
</title>
<meta http-equiv="Content-Type" content="text/html;charset=utf-8" />
  <meta name='ocr-system' content='tesseract 3.04.00' />
  <meta name='ocr-capabilities' content='ocr_page ocr_carea ocr_par ocr_line ocrx_word'/>
</head>
<body>
  <div class='ocr_page' id='page_1' title='image "./scaenicaeromano01ribbuoft_0058.png"; bbox 0 0 2294 3844; ppageno 0'>
   <div class='ocr_carea' id='block_1_1' title="bbox 248 188 1412 237">
    <p class='ocr_par' dir='ltr' id='par_1_1' title="bbox 248 188 1412 237">
     <span class='ocr_line' id='line_1_1' title="bbox 248 188 1412 237; baseline -0.003 -1"><span class='ocrx_word' id='word_1_1' title='bbox 248 195 347 237; x_wconf 88' lang='lat' dir='ltr'>LIV</span> <span class='ocrx_word' id='word_1_2' title='bbox 977 188 1412 233; x_wconf 77' lang='lat' dir='ltr'><strong>COROLLARIVM</strong></span> 
     </span>
    </p>
   </div>
   <div class='ocr_carea' id='block_1_2' title="bbox 247 324 2175 3580">
    <p class='ocr_par' dir='ltr' id='par_1_2' title="bbox 248 324 2140 571">
     <span class='ocr_line' id='line_1_2' title="bbox 249 324 2140 395; baseline -0.002 -16"><span class='ocrx_word' id='word_1_3' title='bbox 249 349 309 380; x_wconf 82' lang='lat' dir='ltr'>ex</span> <span class='ocrx_word' id='word_1_4' title='bbox 359 327 626 395; x_wconf 85' lang='lat' dir='ltr'>sequentis</span> <span class='ocrx_word' id='word_1_5' title='bbox 674 344 855 378; x_wconf 85' lang='lat' dir='ltr'>versus</span> <span class='ocrx_word' id='word_1_6' title='bbox 903 326 1055 377; x_wconf 85' lang='lat' dir='ltr'>initio</span> <span class='ocrx_word' id='word_1_7' title='bbox 1102 342 1205 392; x_wconf 75' lang='lat' dir='ltr'>qua</span> <span class='ocrx_word' id='word_1_8' title='bbox 1249 324 1352 375; x_wconf 90' lang='lat' dir='ltr'>huc</span> <span class='ocrx_word' id='word_1_9' title='bbox 1400 324 1690 375; x_wconf 71' lang='lat' dir='ltr'>translatae</span> <span class='ocrx_word' id='word_1_10' title='bbox 1738 343 1850 376; x_wconf 87' lang='lat' dir='ltr'>esse</span> <span class='ocrx_word' id='word_1_11' title='bbox 1900 329 2140 393; x_wconf 75' lang='lat' dir='ltr'>possunt,</span> 
     </span>
     <span class='ocr_line' id='line_1_3' title="bbox 248 412 2138 483; baseline -0.001 -16"><span class='ocrx_word' id='word_1_12' title='bbox 248 419 413 468; x_wconf 83' lang='lat' dir='ltr'>restat</span> <span class='ocrx_word' id='word_1_13' title='bbox 457 433 562 475; x_wconf 81' lang='lat' dir='ltr'>em,</span> <span class='ocrx_word' id='word_1_14' title='bbox 610 415 639 466; x_wconf 91' lang='lat' dir='ltr'>i.</span> <span class='ocrx_word' id='word_1_15' title='bbox 681 433 721 465; x_wconf 90' lang='lat' dir='ltr'>e.</span> <span class='ocrx_word' id='word_1_16' title='bbox 771 433 912 482; x_wconf 87' lang='grc'>611111,</span> <span class='ocrx_word' id='word_1_17' title='bbox 961 433 1063 483; x_wconf 87' lang='grc'>(1116</span> <span class='ocrx_word' id='word_1_18' title='bbox 1112 413 1237 481; x_wconf 89' lang='lat' dir='ltr'>agni</span> <span class='ocrx_word' id='word_1_19' title='bbox 1284 412 1502 480; x_wconf 79' lang='lat' dir='ltr'>pretiosi</span> <span class='ocrx_word' id='word_1_20' title='bbox 1550 414 1980 465; x_wconf 80' lang='lat' dir='ltr'>commemoratio</span> <span class='ocrx_word' id='word_1_21' title='bbox 2021 431 2138 481; x_wconf 88' lang='lat' dir='ltr'>gra-</span> 
     </span>
     <span class='ocr_line' id='line_1_4' title="bbox 249 501 1787 571; baseline -0.003 -16"><span class='ocrx_word' id='word_1_22' title='bbox 249 505 381 555; x_wconf 83' lang='lat' dir='ltr'>viter</span> <span class='ocrx_word' id='word_1_23' title='bbox 421 504 647 554; x_wconf 88' lang='lat' dir='ltr'>effertur.</span> <span class='ocrx_word' id='word_1_24' title='bbox 726 502 1120 571; x_wconf 87' lang='lat' dir='ltr'>Distinguenda</span> <span class='ocrx_word' id='word_1_25' title='bbox 1158 501 1321 570; x_wconf 86' lang='lat' dir='ltr'>igitur</span> <span class='ocrx_word' id='word_1_26' title='bbox 1362 501 1435 552; x_wconf 90' lang='lat' dir='ltr'>sic</span> <span class='ocrx_word' id='word_1_27' title='bbox 1475 503 1556 551; x_wconf 90' lang='lat' dir='ltr'>est</span> <span class='ocrx_word' id='word_1_28' title='bbox 1595 501 1787 552; x_wconf 84' lang='lat' dir='ltr'>oratio:</span> 
     </span>
    </p>

    <p class='ocr_par' dir='ltr' id='par_1_3' title="bbox 337 590 1791 659">
     <span class='ocr_line' id='line_1_5' title="bbox 337 590 1791 659; baseline -0.002 -16"><span class='ocrx_word' id='word_1_29' title='bbox 337 593 467 643; x_wconf 87' lang='lat' dir='ltr'>adde</span> <span class='ocrx_word' id='word_1_30' title='bbox 508 592 631 659; x_wconf 79' lang='grc'>11116,</span> <span class='ocrx_word' id='word_1_31' title='bbox 673 592 813 659; x_wconf 86' lang='lat' dir='ltr'>quod</span> <span class='ocrx_word' id='word_1_32' title='bbox 852 591 982 642; x_wconf 89' lang='lat' dir='ltr'>mihi</span> <span class='ocrx_word' id='word_1_33' title='bbox 1022 592 1272 658; x_wconf 86' lang='lat' dir='ltr'>portento</span> <span class='ocrx_word' id='word_1_34' title='bbox 1314 590 1600 641; x_wconf 88' lang='lat' dir='ltr'>caelestum</span> <span class='ocrx_word' id='word_1_35' title='bbox 1641 591 1791 657; x_wconf 89' lang='lat' dir='ltr'>pater</span> 
     </span>
    </p>

    <p class='ocr_par' dir='ltr' id='par_1_4' title="bbox 336 678 1546 748">
     <span class='ocr_line' id='line_1_6' title="bbox 336 678 1546 748; baseline -0.002 -16"><span class='ocrx_word' id='word_1_36' title='bbox 336 679 638 748; x_wconf 70' lang='lat' dir='ltr'>prodigium</span> <span class='ocrx_word' id='word_1_37' title='bbox 680 679 845 745; x_wconf 81' lang='lat' dir='ltr'>misit,</span> <span class='ocrx_word' id='word_1_38' title='bbox 885 679 1035 747; x_wconf 87' lang='lat' dir='ltr'>regni</span> <span class='ocrx_word' id='word_1_39' title='bbox 1077 678 1381 731; x_wconf 85' lang='lat' dir='ltr'>stabilimen</span> <span class='ocrx_word' id='word_1_40' title='bbox 1420 679 1546 744; x_wconf 88' lang='lat' dir='ltr'>mei,</span> 
     </span>
    </p>

    <p class='ocr_par' dir='ltr' id='par_1_5' title="bbox 337 767 1630 837">
     <span class='ocr_line' id='line_1_7' title="bbox 337 767 1630 837; baseline -0.002 -17"><span class='ocrx_word' id='word_1_41' title='bbox 337 787 533 837; x_wconf 83' lang='lat' dir='ltr'>agnum</span> <span class='ocrx_word' id='word_1_42' title='bbox 574 767 715 819; x_wconf 75' lang='lat' dir='ltr'>inter</span> <span class='ocrx_word' id='word_1_43' title='bbox 753 768 978 835; x_wconf 87' lang='lat' dir='ltr'>pecudes</span> <span class='ocrx_word' id='word_1_44' title='bbox 1021 785 1180 818; x_wconf 87' lang='lat' dir='ltr'>aurea</span> <span class='ocrx_word' id='word_1_45' title='bbox 1219 767 1419 818; x_wconf 89' lang='lat' dir='ltr'>clarum</span> <span class='ocrx_word' id='word_1_46' title='bbox 1459 785 1630 833; x_wconf 87' lang='lat' dir='ltr'>coma,</span> 
     </span>
    </p>

    <p class='ocr_par' dir='ltr' id='par_1_6' title="bbox 247 856 2145 1262">
     <span class='ocr_line' id='line_1_8' title="bbox 335 856 2060 924; baseline -0.001 -16"><span class='ocrx_word' id='word_1_47' title='bbox 335 876 424 908; x_wconf 91' lang='lat' dir='ltr'>em</span> <span class='ocrx_word' id='word_1_48' title='bbox 465 857 621 908; x_wconf 75' lang='grc'>6111111</span> <span class='ocrx_word' id='word_1_49' title='bbox 662 856 947 923; x_wconf 79' lang='lat' dir='ltr'>Thyestem</span> <span class='ocrx_word' id='word_1_50' title='bbox 987 856 1189 923; x_wconf 79' lang='lat' dir='ltr'>clepere</span> <span class='ocrx_word' id='word_1_51' title='bbox 1230 874 1416 907; x_wconf 88' lang='lat' dir='ltr'>ausum</span> <span class='ocrx_word' id='word_1_52' title='bbox 1457 874 1570 907; x_wconf 92' lang='lat' dir='ltr'>esse</span> <span class='ocrx_word' id='word_1_53' title='bbox 1611 874 1637 906; x_wconf 93' lang='lat' dir='ltr'>e</span> <span class='ocrx_word' id='word_1_54' title='bbox 1677 856 1824 924; x_wconf 88' lang='lat' dir='ltr'>regia</span> <span class='ocrx_word' id='word_1_55' title='bbox 1862 874 1899 907; x_wconf 80' lang='grc'>6.</span> <span class='ocrx_word' id='word_1_56' title='bbox 1939 874 1982 922; x_wconf 77' lang='lat' dir='ltr'>q.</span> <span class='ocrx_word' id='word_1_57' title='bbox 2022 874 2060 909; x_wconf 80' lang='lat'>8.</span> 
     </span>
     <span class='ocr_line' id='line_1_9' title="bbox 247 943 2143 1012; baseline 0.001 -16"><span class='ocrx_word' id='word_1_58' title='bbox 247 945 388 997; x_wconf 83' lang='lat' dir='ltr'>Nota</span> <span class='ocrx_word' id='word_1_59' title='bbox 422 945 619 996; x_wconf 85' lang='lat' dir='ltr'>scilicet</span> <span class='ocrx_word' id='word_1_60' title='bbox 650 947 730 995; x_wconf 90' lang='lat' dir='ltr'>est</span> <span class='ocrx_word' id='word_1_61' title='bbox 764 943 1039 1012; x_wconf 81' lang='lat' dir='ltr'>diligentia</span> <span class='ocrx_word' id='word_1_62' title='bbox 1080 944 1359 1011; x_wconf 85' lang='lat' dir='ltr'>sermonis,</span> <span class='ocrx_word' id='word_1_63' title='bbox 1401 963 1504 1012; x_wconf 88' lang='lat' dir='ltr'>qua</span> <span class='ocrx_word' id='word_1_64' title='bbox 1539 945 1581 996; x_wconf 76' lang='lat' dir='ltr'>e‘s</span> <span class='ocrx_word' id='word_1_65' title='bbox 1614 945 1694 995; x_wconf 87' lang='lat' dir='ltr'>vel</span> <span class='ocrx_word' id='word_1_66' title='bbox 1737 945 1818 996; x_wconf 65' lang='lat' dir='ltr'>ille</span> <span class='ocrx_word' id='word_1_67' title='bbox 1847 963 2143 1012; x_wconf 86' lang='lat' dir='ltr'>pronomen</span> 
     </span>
     <span class='ocr_line' id='line_1_10' title="bbox 247 1032 2145 1100; baseline 0.001 -16"><span class='ocrx_word' id='word_1_68' title='bbox 247 1038 447 1084; x_wconf 80' lang='lat' dir='ltr'>veteres</span> <span class='ocrx_word' id='word_1_69' title='bbox 496 1033 683 1083; x_wconf 84' lang='lat' dir='ltr'>addere</span> <span class='ocrx_word' id='word_1_70' title='bbox 726 1033 990 1099; x_wconf 68' lang='lat' dir='ltr'>solebant,</span> <span class='ocrx_word' id='word_1_71' title='bbox 1040 1035 1092 1082; x_wconf 89' lang='lat' dir='ltr'>et</span> <span class='ocrx_word' id='word_1_72' title='bbox 1137 1035 1364 1099; x_wconf 89' lang='lat' dir='ltr'>possunt</span> <span class='ocrx_word' id='word_1_73' title='bbox 1411 1033 1666 1100; x_wconf 86' lang='lat' dir='ltr'>exemplis</span> <span class='ocrx_word' id='word_1_74' title='bbox 1715 1033 1780 1084; x_wconf 88' lang='lat' dir='ltr'>ab</span> <span class='ocrx_word' id='word_1_75' title='bbox 1827 1032 2042 1085; x_wconf 86' lang='lat' dir='ltr'>Holtzio</span> <span class='ocrx_word' id='word_1_76' title='bbox 2089 1034 2145 1085; x_wconf 91' lang='lat' dir='ltr'>in</span> 
     </span>
     <span class='ocr_line' id='line_1_11' title="bbox 249 1119 2145 1190; baseline 0.002 -19"><span class='ocrx_word' id='word_1_77' title='bbox 249 1122 456 1189; x_wconf 67' lang='lat' dir='ltr'>syntaxi</span> <span class='ocrx_word' id='word_1_78' title='bbox 510 1121 664 1189; x_wconf 77' lang='lat' dir='ltr'>prisc,</span> <span class='ocrx_word' id='word_1_79' title='bbox 714 1121 914 1187; x_wconf 86' lang='lat' dir='ltr'>scriptt.</span> <span class='ocrx_word' id='word_1_80' title='bbox 955 1120 979 1171; x_wconf 92' lang='grc' dir='ltr'><strong>Ι</strong></span> <span class='ocrx_word' id='word_1_81' title='bbox 1028 1119 1132 1172; x_wconf 81' lang='grc'>357</span> <span class='ocrx_word' id='word_1_82' title='bbox 1177 1139 1251 1189; x_wconf 86' lang='lat' dir='ltr'>sq.</span> <span class='ocrx_word' id='word_1_83' title='bbox 1301 1121 1608 1190; x_wconf 89' lang='lat' dir='ltr'>compositis</span> <span class='ocrx_word' id='word_1_84' title='bbox 1665 1122 1785 1173; x_wconf 88' lang='lat' dir='ltr'>addi</span> <span class='ocrx_word' id='word_1_85' title='bbox 1833 1125 1916 1173; x_wconf 88' lang='lat' dir='ltr'>sat</span> <span class='ocrx_word' id='word_1_86' title='bbox 1963 1123 2145 1190; x_wconf 84' lang='lat' dir='ltr'>multa,</span> 
     </span>
     <span class='ocr_line' id='line_1_12' title="bbox 247 1208 949 1262; baseline -0.004 0"><span class='ocrx_word' id='word_1_87' title='bbox 247 1212 389 1262; x_wconf 77' lang='lat' dir='ltr'>velut</span> <span class='ocrx_word' id='word_1_88' title='bbox 427 1210 603 1261; x_wconf 87' lang='lat' dir='ltr'>Plauti</span> <span class='ocrx_word' id='word_1_89' title='bbox 643 1208 786 1260; x_wconf 92' lang='lat' dir='ltr'>Trin.</span> <span class='ocrx_word' id='word_1_90' title='bbox 828 1209 949 1260; x_wconf 77' lang='lat'>328.</span> 
     </span>
    </p>

    <p class='ocr_par' dir='ltr' id='par_1_7' title="bbox 247 1296 2175 1633">
     <span class='ocr_line' id='line_1_13' title="bbox 393 1296 2146 1365; baseline 0.001 -16"><span class='ocrx_word' id='word_1_91' title='bbox 393 1298 457 1349; x_wconf 89' lang='lat' dir='ltr'>V.</span> <span class='ocrx_word' id='word_1_92' title='bbox 484 1299 603 1349; x_wconf 80' lang='lat'><strong>239.</strong></span> <span class='ocrx_word' id='word_1_93' title='bbox 652 1296 776 1348; x_wconf 88' lang='lat' dir='ltr'>Non</span> <span class='ocrx_word' id='word_1_94' title='bbox 808 1297 1074 1348; x_wconf 88' lang='lat' dir='ltr'>laudanda</span> <span class='ocrx_word' id='word_1_95' title='bbox 1105 1299 1337 1365; x_wconf 86' lang='lat' dir='ltr'>tantum,</span> <span class='ocrx_word' id='word_1_96' title='bbox 1372 1298 1462 1349; x_wconf 85' lang='lat' dir='ltr'>sed</span> <span class='ocrx_word' id='word_1_97' title='bbox 1498 1298 1554 1349; x_wconf 89' lang='lat' dir='ltr'>in</span> <span class='ocrx_word' id='word_1_98' title='bbox 1585 1301 1789 1351; x_wconf 87' lang='lat' dir='ltr'>textum</span> <span class='ocrx_word' id='word_1_99' title='bbox 1822 1299 2146 1351; x_wconf 86' lang='lat' dir='ltr'>confidenter</span> 
     </span>
     <span class='ocr_line' id='line_1_14' title="bbox 249 1384 2145 1456; baseline 0.001 -17"><span class='ocrx_word' id='word_1_100' title='bbox 249 1387 549 1455; x_wconf 85' lang='lat' dir='ltr'>recipienda</span> <span class='ocrx_word' id='word_1_101' title='bbox 597 1389 711 1437; x_wconf 90' lang='lat' dir='ltr'>erat</span> <span class='ocrx_word' id='word_1_102' title='bbox 758 1384 1000 1437; x_wconf 81' lang='lat' dir='ltr'>Scriverii</span> <span class='ocrx_word' id='word_1_103' title='bbox 1057 1385 1359 1437; x_wconf 89' lang='lat' dir='ltr'>coniectura</span> <span class='ocrx_word' id='word_1_104' title='bbox 1413 1386 1630 1454; x_wconf 73' lang='lat' dir='ltr'>thyrsos,</span> <span class='ocrx_word' id='word_1_105' title='bbox 1684 1388 1767 1439; x_wconf 83' lang='lat' dir='ltr'>vel</span> <span class='ocrx_word' id='word_1_106' title='bbox 1823 1388 1962 1456; x_wconf 88' lang='lat' dir='ltr'>quod</span> <span class='ocrx_word' id='word_1_107' title='bbox 2016 1389 2145 1456; x_wconf 89' lang='lat' dir='ltr'>ipsis</span> 
     </span>
     <span class='ocr_line' id='line_1_15' title="bbox 249 1472 2175 1545; baseline 0.001 -19"><span class='ocrx_word' id='word_1_108' title='bbox 249 1476 439 1527; x_wconf 84' lang='lat' dir='ltr'>litteris</span> <span class='ocrx_word' id='word_1_109' title='bbox 479 1474 744 1526; x_wconf 88' lang='lat' dir='ltr'>indicatur</span> <span class='ocrx_word' id='word_1_110' title='bbox 785 1476 984 1527; x_wconf 73' lang='lat' dir='ltr'>tirsos.</span> <span class='ocrx_word' id='word_1_111' title='bbox 1041 1472 1125 1526; x_wconf 79' lang='lat' dir='ltr'>Sic</span> <span class='ocrx_word' id='word_1_112' title='bbox 1157 1475 1212 1526; x_wconf 91' lang='lat' dir='ltr'>in</span> <span class='ocrx_word' id='word_1_113' title='bbox 1247 1474 1474 1527; x_wconf 81' lang='lat' dir='ltr'>Senecae</span> <span class='ocrx_word' id='word_1_114' title='bbox 1507 1475 1709 1543; x_wconf 87' lang='lat' dir='ltr'>Oedipo</span> <span class='ocrx_word' id='word_1_115' title='bbox 1742 1495 1786 1527; x_wconf 85' lang='lat' dir='ltr'>v.</span> <span class='ocrx_word' id='word_1_116' title='bbox 1821 1477 1923 1527; x_wconf 83' lang='lat'>641</span> <span class='ocrx_word' id='word_1_117' title='bbox 1960 1475 2175 1545; x_wconf 77' lang='lat' dir='ltr'>Agaue&#39;</span> 
     </span>
     <span class='ocr_line' id='line_1_16' title="bbox 247 1562 2041 1633; baseline 0.002 -18"><span class='ocrx_word' id='word_1_118' title='bbox 247 1565 392 1633; x_wconf 87' lang='lat' dir='ltr'>loqui</span> <span class='ocrx_word' id='word_1_119' title='bbox 431 1564 619 1614; x_wconf 81' lang='lat' dir='ltr'>fertur:</span> <span class='ocrx_word' id='word_1_120' title='bbox 662 1562 890 1614; x_wconf 80' lang='lat' dir='ltr'>‘vibrate</span> <span class='ocrx_word' id='word_1_121' title='bbox 930 1563 1184 1631; x_wconf 87' lang='lat' dir='ltr'>thyrsos.&#39;</span> <span class='ocrx_word' id='word_1_122' title='bbox 1267 1563 1343 1616; x_wconf 79' lang='lat' dir='ltr'>Cf.</span> <span class='ocrx_word' id='word_1_123' title='bbox 1385 1564 1545 1615; x_wconf 89' lang='lat' dir='ltr'>etiam</span> <span class='ocrx_word' id='word_1_124' title='bbox 1584 1563 1740 1616; x_wconf 89' lang='lat' dir='ltr'>Herc.</span> <span class='ocrx_word' id='word_1_125' title='bbox 1782 1565 1879 1616; x_wconf 86' lang='lat' dir='ltr'>fur.</span> <span class='ocrx_word' id='word_1_126' title='bbox 1920 1566 2041 1618; x_wconf 80' lang='lat'><strong>476.</strong></span> 
     </span>
    </p>

    <p class='ocr_par' dir='ltr' id='par_1_8' title="bbox 393 1649 1741 1719">
     <span class='ocr_line' id='line_1_17' title="bbox 393 1649 1741 1719; baseline 0.001 -16"><span class='ocrx_word' id='word_1_127' title='bbox 393 1651 458 1703; x_wconf 91' lang='lat' dir='ltr'>V.</span> <span class='ocrx_word' id='word_1_128' title='bbox 499 1651 619 1703; x_wconf 73' lang='lat'>245.</span> <span class='ocrx_word' id='word_1_129' title='bbox 697 1649 854 1702; x_wconf 88' lang='lat' dir='ltr'>Haud</span> <span class='ocrx_word' id='word_1_130' title='bbox 895 1651 1137 1719; x_wconf 86' lang='lat' dir='ltr'>displicet</span> <span class='ocrx_word' id='word_1_131' title='bbox 1175 1651 1398 1704; x_wconf 87' lang='lat' dir='ltr'>Useneri</span> <span class='ocrx_word' id='word_1_132' title='bbox 1439 1653 1741 1705; x_wconf 88' lang='lat' dir='ltr'>coniectura</span> 
     </span>
    </p>

    <p class='ocr_par' dir='ltr' id='par_1_9' title="bbox 250 1741 2148 1985">
     <span class='ocr_line' id='line_1_18' title="bbox 491 1741 1901 1811; baseline 0.002 -20"><span class='ocrx_word' id='word_1_133' title='bbox 491 1741 614 1809; x_wconf 88' lang='lat' dir='ltr'>quia</span> <span class='ocrx_word' id='word_1_134' title='bbox 652 1741 821 1808; x_wconf 87' lang='lat' dir='ltr'>ne&#39;que</span> <span class='ocrx_word' id='word_1_135' title='bbox 864 1744 1083 1793; x_wconf 72' lang='lat' dir='ltr'>uetustas</span> <span class='ocrx_word' id='word_1_136' title='bbox 1121 1742 1278 1794; x_wconf 70' lang='lat' dir='ltr'>moris</span> <span class='ocrx_word' id='word_1_137' title='bbox 1316 1760 1485 1810; x_wconf 91' lang='lat' dir='ltr'>neque</span> <span class='ocrx_word' id='word_1_138' title='bbox 1527 1742 1901 1811; x_wconf 87' lang='lat' dir='ltr'>grandaeuitas</span> 
     </span>
     <span class='ocr_line' id='line_1_19' title="bbox 250 1824 2148 1899; baseline 0.004 -20"><span class='ocrx_word' id='word_1_139' title='bbox 250 1848 571 1898; x_wconf 84' lang='lat' dir='ltr'>quamquam</span> <span class='ocrx_word' id='word_1_140' title='bbox 619 1829 802 1879; x_wconf 92' lang='lat' dir='ltr'>eodem</span> <span class='ocrx_word' id='word_1_141' title='bbox 849 1829 1018 1880; x_wconf 87' lang='lat' dir='ltr'>redire</span> <span class='ocrx_word' id='word_1_142' title='bbox 1067 1830 1237 1881; x_wconf 87' lang='lat' dir='ltr'>sentio</span> <span class='ocrx_word' id='word_1_143' title='bbox 1288 1824 1350 1878; x_wconf 78' lang='grc' dir='ltr'>’ἐν</span> <span class='ocrx_word' id='word_1_144' title='bbox 1387 1825 1479 1879; x_wconf 75' lang='grc' dir='ltr'>διὰ</span> <span class='ocrx_word' id='word_1_145' title='bbox 1518 1829 1680 1880; x_wconf 78' lang='grc' dir='ltr'><em>δυοῖν</em></span> <span class='ocrx_word' id='word_1_146' title='bbox 1725 1850 1880 1899; x_wconf 69' lang='lat' dir='ltr'>neque</span> <span class='ocrx_word' id='word_1_147' title='bbox 1926 1838 2148 1887; x_wconf 59' lang='lat' dir='ltr'>uetustas</span> 
     </span>
     <span class='ocr_line' id='line_1_20' title="bbox 251 1918 2051 1985; baseline 0.002 -15"><span class='ocrx_word' id='word_1_148' title='bbox 251 1936 403 1985; x_wconf 71' lang='lat' dir='ltr'>neque</span> <span class='ocrx_word' id='word_1_149' title='bbox 441 1935 568 1979; x_wconf 77' lang='grc'>11103,</span> <span class='ocrx_word' id='word_1_150' title='bbox 608 1918 638 1968; x_wconf 90' lang='grc'>1.</span> <span class='ocrx_word' id='word_1_151' title='bbox 681 1935 721 1968; x_wconf 92' lang='grc'>6.</span> <span class='ocrx_word' id='word_1_152' title='bbox 763 1935 1024 1969; x_wconf 88' lang='lat' dir='ltr'>annorum</span> <span class='ocrx_word' id='word_1_153' title='bbox 1063 1921 1325 1970; x_wconf 82' lang='lat' dir='ltr'>vetustate</span> <span class='ocrx_word' id='word_1_154' title='bbox 1343 1920 1580 1969; x_wconf 32' lang='lat' dir='ltr'>“sanctus</span> <span class='ocrx_word' id='word_1_155' title='bbox 1621 1937 1749 1971; x_wconf 80' lang='lat' dir='ltr'>mos‚</span> <span class='ocrx_word' id='word_1_156' title='bbox 1812 1919 1889 1972; x_wconf 83' lang='lat' dir='ltr'>Cf.</span> <span class='ocrx_word' id='word_1_157' title='bbox 1931 1922 2051 1973; x_wconf 79' lang='lat'>624.</span> 
     </span>
    </p>

    <p class='ocr_par' dir='ltr' id='par_1_10' title="bbox 249 2005 2149 2676">
     <span class='ocr_line' id='line_1_21' title="bbox 395 2005 2149 2079; baseline 0.003 -22"><span class='ocrx_word' id='word_1_158' title='bbox 395 2005 460 2057; x_wconf 89' lang='lat' dir='ltr'>V.</span> <span class='ocrx_word' id='word_1_159' title='bbox 485 2007 606 2058; x_wconf 77' lang='lat'>246.</span> <span class='ocrx_word' id='word_1_160' title='bbox 654 2005 791 2057; x_wconf 86' lang='lat' dir='ltr'>Mira</span> <span class='ocrx_word' id='word_1_161' title='bbox 831 2006 1096 2058; x_wconf 88' lang='lat' dir='ltr'>locutione</span> <span class='ocrx_word' id='word_1_162' title='bbox 1134 2008 1358 2074; x_wconf 69' lang='lat' dir='ltr'>inriyczrc</span> <span class='ocrx_word' id='word_1_163' title='bbox 1397 2024 1560 2075; x_wconf 86' lang='lat' dir='ltr'>genas</span> <span class='ocrx_word' id='word_1_164' title='bbox 1601 2008 1798 2077; x_wconf 82' lang='lat' dir='ltr'>lanugo</span> <span class='ocrx_word' id='word_1_165' title='bbox 1839 2009 2051 2079; x_wconf 88' lang='lat' dir='ltr'>dicitur,</span> <span class='ocrx_word' id='word_1_166' title='bbox 2090 2014 2149 2063; x_wconf 91' lang='lat' dir='ltr'>ut</span> 
     </span>
     <span class='ocr_line' id='line_1_22' title="bbox 252 2093 2147 2164; baseline 0.001 -17"><span class='ocrx_word' id='word_1_167' title='bbox 252 2114 468 2147; x_wconf 83' lang='lat' dir='ltr'>somnus</span> <span class='ocrx_word' id='word_1_168' title='bbox 509 2095 761 2146; x_wconf 89' lang='lat' dir='ltr'>membra.</span> <span class='ocrx_word' id='word_1_169' title='bbox 841 2094 959 2146; x_wconf 89' lang='lat' dir='ltr'>Dici</span> <span class='ocrx_word' id='word_1_170' title='bbox 1001 2095 1213 2163; x_wconf 86' lang='lat' dir='ltr'>quidem</span> <span class='ocrx_word' id='word_1_171' title='bbox 1254 2094 1451 2147; x_wconf 80' lang='lat' dir='ltr'>Graece</span> <span class='ocrx_word' id='word_1_172' title='bbox 1491 2097 1666 2164; x_wconf 88' lang='lat' dir='ltr'>potuit</span> <span class='ocrx_word' id='word_1_173' title='bbox 1704 2098 1929 2150; x_wconf 86' lang='lat' dir='ltr'>fortasse</span> <span class='ocrx_word' id='word_1_174' title='bbox 1971 2093 2147 2162; x_wconf 78' lang='grc' dir='ltr'><em>ὑγρὸν</em></span> 
     </span>
     <span class='ocr_line' id='line_1_23' title="bbox 249 2179 2146 2256; baseline 0.004 -25"><span class='ocrx_word' id='word_1_175' title='bbox 249 2179 423 2242; x_wconf 72' lang='grc' dir='ltr'><strong><em>ἄνθος</em></strong></span> <span class='ocrx_word' id='word_1_176' title='bbox 463 2179 688 2246; x_wconf 79' lang='grc' dir='ltr'>ἰούλου,</span> <span class='ocrx_word' id='word_1_177' title='bbox 736 2184 818 2234; x_wconf 88' lang='lat' dir='ltr'>vel</span> <span class='ocrx_word' id='word_1_178' title='bbox 864 2183 1053 2235; x_wconf 87' lang='lat' dir='ltr'>Latine</span> <span class='ocrx_word' id='word_1_179' title='bbox 1103 2184 1303 2236; x_wconf 90' lang='lat' dir='ltr'>‘mollis</span> <span class='ocrx_word' id='word_1_180' title='bbox 1358 2185 1607 2252; x_wconf 87' lang='lat' dir='ltr'>lanugo&#39;,</span> <span class='ocrx_word' id='word_1_181' title='bbox 1661 2188 1841 2237; x_wconf 90' lang='lat' dir='ltr'>tamen</span> <span class='ocrx_word' id='word_1_182' title='bbox 1895 2187 2146 2256; x_wconf 81' lang='lat' dir='ltr'>lanugine</span> 
     </span>
     <span class='ocr_line' id='line_1_24' title="bbox 254 2272 2147 2341; baseline 0.003 -19"><span class='ocrx_word' id='word_1_183' title='bbox 254 2290 420 2340; x_wconf 85' lang='lat' dir='ltr'>genae</span> <span class='ocrx_word' id='word_1_184' title='bbox 468 2272 654 2323; x_wconf 91' lang='lat' dir='ltr'>molles</span> <span class='ocrx_word' id='word_1_185' title='bbox 702 2291 811 2324; x_wconf 90' lang='lat' dir='ltr'>non</span> <span class='ocrx_word' id='word_1_186' title='bbox 858 2273 993 2324; x_wconf 87' lang='lat' dir='ltr'>fiunt</span> <span class='ocrx_word' id='word_1_187' title='bbox 1031 2273 1303 2341; x_wconf 89' lang='lat' dir='ltr'>multoque</span> <span class='ocrx_word' id='word_1_188' title='bbox 1342 2273 1516 2324; x_wconf 87' lang='lat' dir='ltr'>minus</span> <span class='ocrx_word' id='word_1_189' title='bbox 1557 2273 1786 2341; x_wconf 87' lang='lat' dir='ltr'>liquidae</span> <span class='ocrx_word' id='word_1_190' title='bbox 1832 2274 2024 2326; x_wconf 89' lang='lat' dir='ltr'>fluidae</span> <span class='ocrx_word' id='word_1_191' title='bbox 2071 2276 2147 2327; x_wconf 85' lang='lat' dir='ltr'>in-</span> 
     </span>
     <span class='ocr_line' id='line_1_25' title="bbox 250 2359 2148 2431; baseline 0.003 -21"><span class='ocrx_word' id='word_1_192' title='bbox 250 2361 445 2428; x_wconf 81' lang='lat' dir='ltr'>riguae.</span> <span class='ocrx_word' id='word_1_193' title='bbox 547 2359 692 2429; x_wconf 87' lang='lat' dir='ltr'>Ergo</span> <span class='ocrx_word' id='word_1_194' title='bbox 755 2360 859 2412; x_wconf 91' lang='lat' dir='ltr'>nisi</span> <span class='ocrx_word' id='word_1_195' title='bbox 912 2361 1048 2412; x_wconf 86' lang='lat' dir='ltr'>forte</span> <span class='ocrx_word' id='word_1_196' title='bbox 1111 2361 1258 2412; x_wconf 90' lang='lat' dir='ltr'>molli</span> <span class='ocrx_word' id='word_1_197' title='bbox 1319 2361 1454 2412; x_wconf 85' lang='lat' dir='ltr'>flexu</span> <span class='ocrx_word' id='word_1_198' title='bbox 1524 2361 1622 2412; x_wconf 85' lang='lat' dir='ltr'>rivi</span> <span class='ocrx_word' id='word_1_199' title='bbox 1684 2362 1841 2413; x_wconf 90' lang='lat' dir='ltr'>modo</span> <span class='ocrx_word' id='word_1_200' title='bbox 1906 2365 2148 2431; x_wconf 87' lang='lat' dir='ltr'>serpendi</span> 
     </span>
     <span class='ocr_line' id='line_1_26' title="bbox 251 2448 2146 2516; baseline 0.003 -18"><span class='ocrx_word' id='word_1_201' title='bbox 251 2448 524 2499; x_wconf 85' lang='lat' dir='ltr'>notionem</span> <span class='ocrx_word' id='word_1_202' title='bbox 571 2449 764 2499; x_wconf 87' lang='lat' dir='ltr'>inferre</span> <span class='ocrx_word' id='word_1_203' title='bbox 812 2448 955 2515; x_wconf 86' lang='lat' dir='ltr'>licet,</span> <span class='ocrx_word' id='word_1_204' title='bbox 1004 2448 1218 2515; x_wconf 74' lang='lat' dir='ltr'>inplicat</span> <span class='ocrx_word' id='word_1_205' title='bbox 1263 2449 1578 2516; x_wconf 84' lang='lat' dir='ltr'>scribamus,</span> <span class='ocrx_word' id='word_1_206' title='bbox 1625 2453 1685 2501; x_wconf 93' lang='lat' dir='ltr'>ut</span> <span class='ocrx_word' id='word_1_207' title='bbox 1730 2450 1948 2503; x_wconf 88' lang='lat' dir='ltr'>floribus</span> <span class='ocrx_word' id='word_1_208' title='bbox 1998 2471 2146 2505; x_wconf 90' lang='lat' dir='ltr'>ramo</span> 
     </span>
     <span class='ocr_line' id='line_1_27' title="bbox 253 2523 2145 2607; baseline 0.005 -22"><span class='ocrx_word' id='word_1_209' title='bbox 253 2536 406 2586; x_wconf 84' lang='lat' dir='ltr'>sertis</span> <span class='ocrx_word' id='word_1_210' title='bbox 470 2554 597 2587; x_wconf 87' lang='lat' dir='ltr'>auro</span> <span class='ocrx_word' id='word_1_211' title='bbox 659 2536 983 2604; x_wconf 87' lang='lat' dir='ltr'>inplicantur</span> <span class='ocrx_word' id='word_1_212' title='bbox 1014 2523 1221 2588; x_wconf 80' lang='grc'>6111163.</span> <span class='ocrx_word' id='word_1_213' title='bbox 1307 2536 1481 2605; x_wconf 84' lang='lat' dir='ltr'>Caput</span> <span class='ocrx_word' id='word_1_214' title='bbox 1534 2538 1778 2607; x_wconf 85' lang='lat' dir='ltr'>inplicari</span> <span class='ocrx_word' id='word_1_215' title='bbox 1833 2545 2145 2595; x_wconf 88' lang='lat' dir='ltr'>ornamento</span> 
     </span>
     <span class='ocr_line' id='line_1_28' title="bbox 252 2624 885 2676; baseline 0.002 -1"><span class='ocrx_word' id='word_1_216' title='bbox 252 2624 506 2675; x_wconf 81' lang='lat' dir='ltr'>Afranius</span> <span class='ocrx_word' id='word_1_217' title='bbox 546 2643 590 2676; x_wconf 88' lang='lat' dir='ltr'>v.</span> <span class='ocrx_word' id='word_1_218' title='bbox 637 2625 700 2676; x_wconf 80' lang='lat'>18</span> <span class='ocrx_word' id='word_1_219' title='bbox 742 2624 885 2676; x_wconf 87' lang='lat' dir='ltr'>dixit.</span> 
     </span>
    </p>

    <p class='ocr_par' dir='ltr' id='par_1_11' title="bbox 251 2711 2145 2852">
     <span class='ocr_line' id='line_1_29' title="bbox 400 2711 2145 2786; baseline 0.005 -23"><span class='ocrx_word' id='word_1_220' title='bbox 400 2711 461 2763; x_wconf 93' lang='lat' dir='ltr'>V.</span> <span class='ocrx_word' id='word_1_221' title='bbox 509 2712 631 2765; x_wconf 79' lang='lat'><strong>252.</strong></span> <span class='ocrx_word' id='word_1_222' title='bbox 709 2713 829 2781; x_wconf 90' lang='lat' dir='ltr'>Ipse</span> <span class='ocrx_word' id='word_1_223' title='bbox 878 2713 1175 2781; x_wconf 84' lang='lat' dir='ltr'>repudiavit</span> <span class='ocrx_word' id='word_1_224' title='bbox 1220 2713 1572 2768; x_wconf 89' lang='lat' dir='ltr'>Buechelerus</span> <span class='ocrx_word' id='word_1_225' title='bbox 1622 2736 1754 2786; x_wconf 84' lang='lat' dir='ltr'>quae</span> <span class='ocrx_word' id='word_1_226' title='bbox 1809 2718 1865 2770; x_wconf 89' lang='lat' dir='ltr'>in</span> <span class='ocrx_word' id='word_1_227' title='bbox 1915 2722 2145 2771; x_wconf 87' lang='lat' dir='ltr'>mentem</span> 
     </span>
     <span class='ocr_line' id='line_1_30' title="bbox 251 2803 504 2852; baseline -0.004 0"><span class='ocrx_word' id='word_1_228' title='bbox 251 2803 504 2852; x_wconf 82' lang='lat' dir='ltr'>venerant</span> 
     </span>
    </p>

    <p class='ocr_par' dir='ltr' id='par_1_12' title="bbox 553 2893 1857 3045">
     <span class='ocr_line' id='line_1_31' title="bbox 818 2893 1586 2960; baseline 0.005 -20"><span class='ocrx_word' id='word_1_229' title='bbox 818 2908 1068 2957; x_wconf 87' lang='lat' dir='ltr'>praesens</span> <span class='ocrx_word' id='word_1_230' title='bbox 1109 2896 1322 2959; x_wconf 90' lang='lat' dir='ltr'>praesto</span> <span class='ocrx_word' id='word_1_231' title='bbox 1363 2893 1586 2960; x_wconf 80' lang='lat' dir='ltr'>torpidis</span> 
     </span>
     <span class='ocr_line' id='line_1_32' title="bbox 553 2975 1857 3045; baseline 0.005 -18"><span class='ocrx_word' id='word_1_232' title='bbox 553 2975 709 3028; x_wconf 80' lang='lat' dir='ltr'>nobis</span> <span class='ocrx_word' id='word_1_233' title='bbox 751 2980 964 3045; x_wconf 86' lang='lat' dir='ltr'>stupore</span> <span class='ocrx_word' id='word_1_234' title='bbox 1006 2997 1117 3031; x_wconf 91' lang='lat' dir='ltr'>sese</span> <span class='ocrx_word' id='word_1_235' title='bbox 1159 2981 1297 3033; x_wconf 89' lang='lat' dir='ltr'>ultro</span> <span class='ocrx_word' id='word_1_236' title='bbox 1340 2984 1608 3034; x_wconf 90' lang='lat' dir='ltr'>ostentum</span> <span class='ocrx_word' id='word_1_237' title='bbox 1649 2983 1857 3035; x_wconf 90' lang='lat' dir='ltr'>obtulit.</span> 
     </span>
    </p>

    <p class='ocr_par' dir='ltr' id='par_1_13' title="bbox 400 3063 1215 3120">
     <span class='ocr_line' id='line_1_33' title="bbox 400 3063 1215 3120; baseline 0.006 -5"><span class='ocrx_word' id='word_1_238' title='bbox 400 3063 463 3115; x_wconf 88' lang='lat' dir='ltr'>V.</span> <span class='ocrx_word' id='word_1_239' title='bbox 503 3065 610 3116; x_wconf 78' lang='lat'>255</span> <span class='ocrx_word' id='word_1_240' title='bbox 649 3066 801 3117; x_wconf 73' lang='grc'>11111611</span> <span class='ocrx_word' id='word_1_241' title='bbox 839 3071 896 3118; x_wconf 69' lang='lat' dir='ltr'>ut</span> <span class='ocrx_word' id='word_1_242' title='bbox 932 3066 1215 3120; x_wconf 78' lang='lat' dir='ltr'>UseneruS.</span> 
     </span>
    </p>

    <p class='ocr_par' dir='ltr' id='par_1_14' title="bbox 251 3151 2148 3386">
     <span class='ocr_line' id='line_1_34' title="bbox 400 3151 2146 3228; baseline 0.005 -25"><span class='ocrx_word' id='word_1_243' title='bbox 400 3151 463 3203; x_wconf 89' lang='lat' dir='ltr'>V.</span> <span class='ocrx_word' id='word_1_244' title='bbox 489 3153 608 3205; x_wconf 79' lang='lat'><strong>275.</strong></span> <span class='ocrx_word' id='word_1_245' title='bbox 658 3153 853 3206; x_wconf 87' lang='lat' dir='ltr'>Durius</span> <span class='ocrx_word' id='word_1_246' title='bbox 882 3174 1062 3208; x_wconf 83' lang='lat' dir='ltr'>versus</span> <span class='ocrx_word' id='word_1_247' title='bbox 1088 3157 1299 3209; x_wconf 86' lang='lat' dir='ltr'>initium</span> <span class='ocrx_word' id='word_1_248' title='bbox 1325 3177 1494 3227; x_wconf 88' lang='lat' dir='ltr'>neque</span> <span class='ocrx_word' id='word_1_249' title='bbox 1520 3159 1604 3212; x_wconf 90' lang='grc'>1116</span> <span class='ocrx_word' id='word_1_250' title='bbox 1633 3178 1802 3228; x_wconf 88' lang='lat' dir='ltr'>neque</span> <span class='ocrx_word' id='word_1_251' title='bbox 1828 3160 1955 3211; x_wconf 90' lang='lat' dir='ltr'>alibi</span> <span class='ocrx_word' id='word_1_252' title='bbox 1987 3162 2146 3212; x_wconf 87' lang='lat' dir='ltr'>emol-</span> 
     </span>
     <span class='ocr_line' id='line_1_35' title="bbox 251 3242 2148 3315; baseline 0.005 -23"><span class='ocrx_word' id='word_1_253' title='bbox 251 3243 345 3293; x_wconf 85' lang='lat' dir='ltr'>lire</span> <span class='ocrx_word' id='word_1_254' title='bbox 393 3242 534 3293; x_wconf 84' lang='lat' dir='ltr'>volui</span> <span class='ocrx_word' id='word_1_255' title='bbox 582 3246 784 3294; x_wconf 87' lang='lat' dir='ltr'>remota</span> <span class='ocrx_word' id='word_1_256' title='bbox 833 3259 964 3312; x_wconf 83' lang='lat' dir='ltr'>quae</span> <span class='ocrx_word' id='word_1_257' title='bbox 1012 3263 1131 3296; x_wconf 90' lang='lat' dir='ltr'>cum</span> <span class='ocrx_word' id='word_1_258' title='bbox 1187 3247 1528 3315; x_wconf 88' lang='lat' dir='ltr'>sequentibus</span> <span class='ocrx_word' id='word_1_259' title='bbox 1585 3248 1848 3300; x_wconf 89' lang='lat' dir='ltr'>artissime</span> <span class='ocrx_word' id='word_1_260' title='bbox 1903 3249 2148 3301; x_wconf 87' lang='lat' dir='ltr'>cohaeret</span> 
     </span>
     <span class='ocr_line' id='line_1_36' title="bbox 254 3330 1296 3386; baseline 0.006 -6"><span class='ocrx_word' id='word_1_261' title='bbox 254 3331 438 3381; x_wconf 81' lang='lat' dir='ltr'>vocula</span> <span class='ocrx_word' id='word_1_262' title='bbox 480 3331 551 3381; x_wconf 69' lang='lat' dir='ltr'>ita</span> <span class='ocrx_word' id='word_1_263' title='bbox 590 3330 646 3381; x_wconf 92' lang='lat' dir='ltr'>in</span> <span class='ocrx_word' id='word_1_264' title='bbox 687 3331 1043 3385; x_wconf 84' lang='lat' dir='ltr'>antecedentis</span> <span class='ocrx_word' id='word_1_265' title='bbox 1085 3334 1296 3386; x_wconf 87' lang='lat' dir='ltr'>exitum.</span> 
     </span>
    </p>

    <p class='ocr_par' dir='ltr' id='par_1_15' title="bbox 400 3417 1846 3491">
     <span class='ocr_line' id='line_1_37' title="bbox 400 3417 1846 3491; baseline 0.006 -23"><span class='ocrx_word' id='word_1_266' title='bbox 400 3417 464 3469; x_wconf 90' lang='lat' dir='ltr'>V.</span> <span class='ocrx_word' id='word_1_267' title='bbox 506 3418 609 3470; x_wconf 81' lang='lat'>279</span> <span class='ocrx_word' id='word_1_268' title='bbox 651 3420 922 3472; x_wconf 83' lang='lat' dir='ltr'>lenissimo</span> <span class='ocrx_word' id='word_1_269' title='bbox 962 3423 1193 3474; x_wconf 86' lang='lat' dir='ltr'>remedio</span> <span class='ocrx_word' id='word_1_270' title='bbox 1235 3426 1474 3491; x_wconf 89' lang='lat' dir='ltr'>sanatur,</span> <span class='ocrx_word' id='word_1_271' title='bbox 1516 3424 1557 3475; x_wconf 89' lang='lat' dir='ltr'>si</span> <span class='ocrx_word' id='word_1_272' title='bbox 1600 3425 1846 3476; x_wconf 90' lang='lat' dir='ltr'>scribitur</span> 
     </span>
    </p>

    <p class='ocr_par' dir='ltr' id='par_1_16' title="bbox 366 3506 2056 3580">
     <span class='ocr_line' id='line_1_38' title="bbox 366 3506 2056 3580; baseline 0.005 -25"><span class='ocrx_word' id='word_1_273' title='bbox 366 3506 603 3574; x_wconf 74' lang='lat' dir='ltr'>linguam</span> <span class='ocrx_word' id='word_1_274' title='bbox 643 3509 976 3576; x_wconf 89' lang='lat' dir='ltr'>praepediar,</span> <span class='ocrx_word' id='word_1_275' title='bbox 1017 3512 1195 3578; x_wconf 75' lang='lat' dir='ltr'>grat-e</span> <span class='ocrx_word' id='word_1_276' title='bbox 1236 3530 1366 3579; x_wconf 90' lang='lat' dir='ltr'>puer</span> <span class='ocrx_word' id='word_1_277' title='bbox 1392 3531 1402 3563; x_wconf 74' lang='grc' dir='ltr'>ε</span> <span class='ocrx_word' id='word_1_278' title='bbox 1428 3530 1494 3563; x_wconf 90' lang='grc'>116</span> <span class='ocrx_word' id='word_1_279' title='bbox 1536 3513 1822 3564; x_wconf 78' lang='lat' dir='ltr'>attenderis</span> <span class='ocrx_word' id='word_1_280' title='bbox 1861 3531 1897 3565; x_wconf 83' lang='grc'>6.</span> <span class='ocrx_word' id='word_1_281' title='bbox 1936 3532 1979 3580; x_wconf 68' lang='lat' dir='ltr'>(l.</span> <span class='ocrx_word' id='word_1_282' title='bbox 2019 3531 2056 3566; x_wconf 81' lang='lat'>8.</span> 
     </span>
    </p>
   </div>
  </div>
 </body>
</html>
