2299 3803
609 256 691 296 EX
723 253 1004 296 INCERTIS
1037 253 1438 295 INCERTORVM
1469 254 1728 295 FABVLIs
2015 253 2118 303 243

363 385 515 447 Quod
556 368 740 436 (nunes
781 386 949 452 scitis,
990 387 1134 437 361113
1175 382 1412 454 neglexit
1451 384 1631 435 fidem:

361 481 558 534 Furere
602 482 946 549 aidsiinulare,
986 483 1053 532 116
1094 482 1281 549 eoiret,
1322 478 1535 532 institit.

363 578 514 640 Quod
555 576 618 629 111'
652 578 925 629 Palamedi
965 579 1242 646 perspicax
1282 577 1565 646 prudentia

361 673 525 726 Istius
567 677 848 744 perspexet
888 675 1210 726 malitiosum
1253 673 1553 741 audaciam,

251 772 322 823 eo
361 769 491 823 Fide
533 775 769 823 sacratae
811 771 891 822 iiis
933 774 1189 840 perpetuo
1231 770 1455 822 falleret.

731 895 945 949 XXXII
985 895 1122 966 (Att.
1163 896 1310 948 Arm.
1351 897 1455 948 iud.
1502 894 1593 966 18)

361 1009 493 1063 Vidi
528 1013 602 1078 te,
642 1008 848 1077 Vlixes,
889 1010 1015 1061 saixo
1057 1012 1386 1061 sternentem
1427 1007 1685 1075 Hectora,

362 1104 495 1159 Vidi
531 1108 804 1175 tegentem
845 1102 1016 1173 clipeo
1059 1106 1282 1157 classem
1323 1104 1597 1157 Doricam:

360 1202 479 1272 Ego
520 1206 649 1254 trine
689 1201 995 1270 pudendam
1034 1202 1273 1270 trepidus
1313 1201 1570 1253 hort-abiu*
1609 1202 1810 1265 fugam.

970 1320 1211 1373 XXXIII
1254 1319 1373 1391 (47)

363 1477 373 1486 .
414 1435 623 1486 facinus
664 1434 791 1486 fecit
831 1433 1143 1501 maximum,
1184 1451 1303 1484 cum
1343 1431 1547 1484 Danais
1588 1431 1973 1483 inclinantibus

252 1530 323 1583 65
363 1529 639 1583 8001011111]
678 1529 901 1599 perfecit
940 1531 1078 1598 re'm,
1119 1548 1281 1581 manu
1323 1530 1417 1580 sua.
1458 1528 1693 1580 restituit
1733 1528 1994 1596 proelium

366 1626 665 1679 Insaniens,

213 1775 472 1827 fragmenta
511 1775 812 1828 probabiliter
849 1775 1156 1817 inseruerunt.
1284 1772 1434 1812 XXXI
1467 1773 1624 1813 Cicero
1657 1773 1711 1813 de
1744 1773 1819 1814 off.
1852 1773 1921 1814 111
1953 1774 2030 1824 26,
2070 1775 2122 1813 98

212 1832 352 1872 ‘utile
391 1832 636 1872 uidebatur
667 1833 839 1883 Vlixi,
879 1837 929 1872 ut
969 1831 1146 1885 quidem
1181 1834 1344 1883 poetae
1384 1831 1551 1882 tragici
1589 1829 1885 1882 prodiderunt
1922 1860 1931 1869 .
1960 1861 1969 1870 .
1995 1860 2005 1869 .
2044 1830 2123 1869 sed

214 1888 479 1929 insimulant
513 1902 612 1928 011111
655 1889 925 1942 tragoediae
966 1887 1260 1927 simulatione
1301 1887 1510 1926 insaniae
1551 1886 1759 1926 militiam
1800 1887 2121 1936 subterfugere

212 1945 411 1985 uoluisse
443 1976 450 1984 .
478 1976 487 1985 .
515 1976 523 1984 .
561 1945 668 1998 quid
701 1946 819 1986 enim
853 1945 1108 1985 auditurum
1143 1947 1279 1996 putas
1313 1943 1454 1983 fuisse
1486 1942 1686 1993 Vlixem,
1727 1943 1765 1982 si
1798 1943 1841 1981 in
1875 1941 1955 1982 illa
1987 1943 2117 1981 simu-

212 2001 387 2042 latione
428 2003 854 2054 perseuerauisset‘?
903 2002 977 2054 qui
1019 2014 1119 2040 011111
1151 2001 1370 2040 maximas
1403 2013 1472 2040 res
1496 2001 1692 2052 gesserit
1713 2000 1759 2038 in
1783 1999 1928 2051 bello,
1964 2003 2117 2039 tamen

212 2058 352 2098 haec
386 2059 579 2098 audiat
610 2059 674 2098 ab
707 2059 900 2099 Aiace:
936 2058 1118 2097 cuius'
1150 2070 1189 2097 e.
1215 2070 1255 2109 q.
1281 2069 1316 2100 s.
1403 2056 1575 2096 XXXII
1608 2055 1845 2096 Charisius
1876 2056 1940 2096 IV
1972 2069 2014 2108 p.
2038 2057 2119 2095 252

212 2115 262 2158 P.
301 2119 404 2168 ‘per
444 2116 861 2166 mycterismon,
902 2114 948 2154 id
989 2120 1059 2154 est
1090 2114 1286 2153 derisum
1318 2113 1568 2165 quendam,
1602 2117 1696 2152 tam
1728 2125 1884 2164 quam:
1924 2111 2047 2151 uidi’
2083 2126 2123 2152 e.

214 2186 254 2223 q.
278 2183 311 2211 s.
347 2171 487 2211 ‘haec
519 2173 670 2211 omnia
701 2172 853 2212 derisu
886 2171 1078 2223 quodam
1113 2170 1239 2209 dicta
1271 2174 1379 2209 sunt
1410 2183 1436 2209 a
1471 2169 1651 2209 fortiori
1685 2168 1740 2208 ad
1773 2182 1861 2208 non
1896 2168 2089 2211 sortem,'

327 2227 523 2267 XXXIII
557 2226 719 2268 Cicero
751 2229 890 2268 Tuse.
923 2227 1036 2279 disp.
1068 2228 1128 2268 IV
1162 2228 1237 2276 23,
1271 2228 1323 2266 52
1356 2230 1563 2278 ‘semper
1593 2226 1731 2264 Aiax
1773 2225 1926 2271 fortis,
1968 2225 2118 2264 fortis-

213 2286 352 2324 simus
383 2289 535 2324 tamen
568 2285 613 2324 in
646 2285 816 2334 furore,
851 2298 954 2324 nam
991 2285 1241 2324 facinus’
1276 2297 1312 2323 e.
1339 2295 1380 2334 q.
1403 2295 1438 2322 s.
1490 2283 1558 2321 Ex
1592 2283 1764 2322 comico
1798 2281 1991 2333 quodam
2016 2294 2119 2333 pro-

218 2341 357 2382 ducta
390 2354 490 2381 esse
524 2346 683 2381 censet
715 2341 950 2382 Bentleius

354 2491 419 2538 56
458 2490 707 2551 neglexerit
746 2490 916 2536 Bamb.
949 2491 1079 2536 Oebl.
1193 2490 1256 2535 57
1298 2488 1558 2535 assimulare
1599 2487 1749 2533 Bern.
1781 2501 1806 2532 0
1846 2487 2122 2532 assimulauit

210 2562 323 2607 libri
342 2564 561 2621 plerique
587 2561 870 2606 adsiniulauit
908 2562 1128 2606 Wuerzb.
1152 2563 1270 2606 ἅμα.
1298 2575 1356 2620 α,
1385 2561 1470 2605 sed
1505 2558 1556 2603 ad
1597 2572 1739 2604 eraso
1779 2564 1821 2603 et
1860 2571 1907 2602 se
1947 2571 2121 2616 supra-

212 2635 394 2691 scripto
434 2632 711 2677 assimulauit
746 2633 960 2678 Ambros.
1000 2632 1185 2677 Bernn.
1225 2647 1252 2676 cc
1275 2632 1301 2676 b
1340 2629 1607 2675 ailsiinilauit
1641 2629 1809 2674 Bamb.
1848 2628 2123 2672 insimulauit

217 2702 348 2748 Oelzt.
503 2717 558 2748 ne
599 2717 689 2763 quo
728 2704 813 2748 iret
854 2704 972 2749 Gzccl.
1012 2718 1068 2760 α,
1108 2715 1231 2748 unus
1274 2701 1427 2747 Oxon.
1584 2700 1648 2746 58
1689 2699 1909 2744 Palamedi
1954 2699 2121 2743 Bamb.

223 2773 445 2819 Wuerzb.
471 2772 714 2818 Palamedis
743 2777 893 2818 ceteri
998 2773 1060 2819 59
1091 2779 1330 2833 perspexet
1357 2773 1576 2817 Klotzius
1602 2775 1648 2816 in
1677 2772 1783 2816 Ter.
1807 2771 1953 2814 Andr.
1974 2783 2027 2826 p.
2053 2769 2119 2814 43

212 2851 448 2903 percepset
488 2845 609 2901 edd„
647 2858 787 2902 quam
809 2843 1019 2901 formam
1049 2847 1095 2888 in
1124 2844 1461 2889 dubitationem
1488 2848 1633 2888 uocat
1659 2841 1914 2886 Muduieus
1945 2839 2118 2896 Opuse.

214 2913 273 2959 ΙΙ
287 2929 339 2973 p.
371 2913 434 2960 69
464 2920 560 2960 not.
588 2915 655 2971 ef.
691 2914 942 2959 Turnebus
961 2916 1164 2960 Acluers.
1204 2913 1330 2958 VIII
1352 2913 1382 2959 3
1410 2913 1684 2973 percepisset
1708 2912 1819 2956 libri
1845 2909 1982 2968 (sedi
2011 2923 2120 2954 era-

214 2998 293 3042 sa,
335 2990 386 3030 ut
412 2986 620 3041 uidetur,
658 2988 706 3029 in
735 2983 917 3045 Bamb.)
960 2983 1108 3044 ‘quod
1130 2987 1214 3044 qui
1248 2984 1540 3030 seruandum
1571 2985 1834 3038 censuerit,
1878 2982 1972 3025 eius
2000 2983 2119 3026 seri-

215 3057 326 3101 bere
350 3053 559 3101 debebit'
583 3055 895 3100 Hermannus
920 3056 978 3100 sle
1002 3055 1234 3114 Maduiyii
1257 3056 1508 3112 interpret.
1533 3055 1835 3112 quarundam
1857 3052 1993 3097 uerbi
2011 3051 2122 3096 Lat.

210 3126 483 3184 formarum
504 3140 554 3184 p.
587 3126 613 3170 7
725 3127 931 3171 astutiam
962 3125 1080 3171 Gud.
1109 3142 1156 3184 a,
1191 3125 1588 3184 Wakefieldusin
1614 3125 1760 3169 Luer.
1791 3123 1822 3168 I
1844 3121 1962 3179 234,
1991 3128 2122 3165 recte

214 3199 265 3241 ni
284 3195 327 3255 f.
427 3196 494 3242 60
521 3194 606 3241 fide
633 3196 846 3242 Ambros.
874 3196 1042 3242 Bamb.
1069 3197 1290 3242 Wuerzb.
1321 3196 1503 3240 Bernn.
1526 3208 1552 3239 0
1570 3208 1594 3239 e
1626 3193 1755 3240 Oelzl.
1785 3194 1823 3237 ei
1851 3192 1904 3236 110
1933 3192 2117 3236 Bernn.

215 3280 244 3309 a
271 3268 297 3312 b
336 3265 445 3313 tides
485 3259 798 3313 Hermunnus
834 3269 866 3312 l.
903 3269 935 3312 l.
1048 3274 1242 3312 sacratae
1283 3267 1434 3311 Bern.
1463 3278 1506 3322 e,
1546 3263 1792 3324 ‘plerique
1830 3261 1982 3308 codd.⁹
2026 3262 2118 3306 Fa-

216 3337 351 3382 bricii
375 3343 541 3382 sacrata
560 3339 775 3384 Ambros.
797 3338 964 3384 Bamb.
989 3338 1210 3383 Wuerzb.
1234 3338 1412 3382 Bernn.
1437 3351 1466 3380 a
1488 3337 1513 3382 b
1539 3335 1668 3380 Oelel.
1697 3341 1914 3379 sacratum
1933 3333 2121 3377 Rerum

357 3407 421 3454 63
462 3408 663 3467 trepidus
699 3408 954 3454 Fabricius
993 3407 1193 3468 trepidus
1232 3406 1387 3468 pedib:
1427 3407 1528 3452 eod.
1705 3404 1769 3451 64
1814 3416 1911 3447 nain
1952 3401 2118 3446 facinus

216 3480 357 3537 uulgo
465 3492 565 3523 011111
603 3479 646 3522 111
686 3479 777 3524 acie
815 3478 917 3524 facit
956 3477 1066 3524 seeit
1104 3492 1160 3522 111.
1202 3478 1308 3522 Nam
1337 3477 1501 3522 Danais
1531 3476 1633 3522 incl.
1663 3475 1788 3520 Mon.
1818 3490 1846 3517 u
1958 3471 2022 3517 65
2050 3485 2119 3531 sq.

217 3560 310 3590 rem
348 3548 562 3607 perfecit,
602 3562 735 3594 manu
772 3563 850 3594 sua
877 3550 1075 3594 restituit
1099 3548 1319 3608 proelium
1348 3548 1575 3592 11181101οη3
1603 3547 1913 3592 Hermcennus
1943 3541 2116 3601 Opuse.

233 3617 325 3662 VII
350 3617 450 3664 385
488 3632 582 3664 reni
620 3617 791 3679 pei-ficit
819 3633 973 3664 manus
1002 3619 1221 3679 proelium
1248 3618 1446 3663 restituit
1474 3619 1697 3662 insaniens
1725 3614 1953 3672 (insaniem
1983 3611 2120 3671 Rey.)

1677 3709 1762 3751 16*
