2299 3803
1000 219 1052 266 o.
1088 218 1307 259 1·:NN1vs
1994 221 2098 273 279

882 408 954 492 Q.
1035 407 1237 474 ENN
1259 406 1415 482 [VS.

962 532 1340 602 ,111111110111

1135 630 1157 680 1

431 767 440 774 .
518 742 610 791 per
650 727 837 793 gentes
880 727 1089 778 cluebat
1130 726 1368 777 (vinnium
1408 727 1749 779 miserrimus.

1119 845 1167 895 11

342 936 486 989 Bene
523 957 731 1007 mones,
772 943 883 991 11110
926 939 1037 1009 ipsc
1072 943 1290 992 cunctas
1317 943 1495 992 cauto:
1536 941 1874 994 111(101“01·10’111
1902 944 2095 996 uirum!

1108 1059 1185 1110 Ill

345 1149 498 1223 [Iani]
542 1171 701 1220 agros
743 1155 970 1206 audaces
1012 1157 1341 1224 depopulant
1383 1157 1521 1207 serui
1561 1157 1898 1210 dominorum
1939 1159 2095 1211 donli.

1109 1274 1186 1325 lV

414 1410 423 1418 .
486 1371 538 1419 et
578 1387 810 1438 aequora
851 1372 990 1424 salsa·
1031 1389 1192 1440 ueges
1233 1371 1543 1441 ingentibus
1584 1373 1775 1424 uentis.

965 1509 1301 1596 'SABJNAE

1130 1606 1154 1657 J

263 1701 296 1751 5
337 1700 468 1754 Cum
519 1703 689 1771 spolia
736 1703 946 1772 generis
1004 1703 1360 1773 detraxeritis,
1414 1705 1447 1768 ’1-
1482 1724 1639 1774 quam
1689 1706 2093 1776 inscriptionem

1519 1802 1750 1853 dabitis?

326 1963 449 2002 Eum
491 1963 768 2002 AMBRAclAM
809 1964 933 2003 inter
980 1967 1245 2016 praetextas
1287 1963 1456 2016 primus
1498 1964 1656 2004 rettuli
1697 1966 1743 2004 in
1787 1978 1897 2005 com.
1942 1967 2091 2018 praef,

186 2032 228 2071 p.
253 2019 318 2059 IX
342 2031 406 2072 sq.
448 2020 469 2060 I
492 2019 665 2059 Nonius
688 2032 731 2072 p.
753 2020 823 2072 88,
849 2021 870 2059 1
897 2020 1100 2070 ‘cluet‚
1124 2021 1381 2061 nominatur
1411 2052 1419 2060 .
1439 2051 1448 2059 .
1468 2051 1477 2061 .
1507 2021 1681 2060 Ennius
1703 2021 1960 2062 Ambratia:
1983 2037 2064 2075 per
2080 2027 2091 2047 ’

186 2089 226 2116 0.
257 2088 298 2128 q.
333 2088 369 2116 s.
486 2076 528 2116 ΙΙ
558 2075 732 2116 Nonius
765 2089 806 2128 p.
838 2077 941 2126 469,
975 2078 1029 2117 25
1063 2080 1363 2117 ‘cunctant
1394 2090 1473 2128 pro
1515 2081 1790 2117 cunctantur
1914 2079 2092 2120 Ennius

183 2131 469 2172 Anbrachia:
508 2133 651 2173 bene’
694 2146 731 2175 0.
766 2145 807 2184 q.
840 2145 874 2174 3.
1019 2134 1085 2174 ΙΙΙ
1116 2132 1292 2173 Nonius
1326 2147 1366 2186 p.
1397 2135 1502 2185 471,
1547 2135 1598 2174 18
1639 2135 1901 2187 ‘populat
1946 2140 2015 2176 est
2047 2142 2094 2176 et

185 2189 415 2241 passiuum
446 2189 695 2242 populatur
818 2190 993 2229 Ennius
1026 2190 1294 2230 Ambracia:
1329 2193 1488 2242 agros’
1521 2202 1557 2231 e.
1595 2202 1636 2241 q.
1669 2203 1703 2230 s.
1824 2191 1885 2232 IV
1917 2192 2091 2232 Nonius

185 2258 226 2297 p,
263 2246 364 2297 183,
398 2249 423 2286 3
465 2249 662 2297 ‘ueget
699 2258 779 2297 pro
819 2250 1009 2298 uegetat
1046 2246 1119 2286 uel
1158 2247 1295 2299 erigit
1334 2245 1407 2286 uel
1442 2250 1654 2298 uegetum
1687 2251 1755 2286 est
1793 2278 1837 2286 ..
1865 2279 1874 2289 .
1911 2249 2087 2288 Ennius

184 2301 483 2342 Ambrachia:
519 2305 588 2342 ct’
623 2316 661 2342 e.
687 2315 729 2354 q.
753 2315 785 2344 3.
847 2303 915 2342 An
947 2301 1132 2342 fabulae
1165 2303 1359 2342 frustum
1392 2306 1438 2342 et
1470 2307 1631 2355 postca
1664 2303 1778 2344 haec
1814 2304 1910 2344 fcrc
1944 2304 2087 2344 ‘idem

187 2357 416 2398 annalium
448 2389 456 2397 .
484 2362 519 2399 ,²
553 2358 846 2398 exciderunt?
1656 2364 1660 2371 '

300 2413 504 2454 SABINAE
563 2415 854 2455 Praetextam
886 2414 1121 2455 Vahlenus
1154 2429 1263 2455 mus.
1296 2416 1441 2457 Rhen.
1468 2416 1572 2455 XVI
1594 2418 1675 2457 579
1707 2430 1770 2468 sq.
1804 2417 2040 2456 indicauit.

184 2471 203 2510 I
235 2470 377 2512 Iulius
409 2471 566 2512 Victor
598 2485 638 2523 p.
662 2473 744 2511 224
768 2470 819 2511 O.
856 2471 1007 2522 (rhett.
1033 2473 1157 2512 Latt.
1182 2486 1223 2524 p,
1248 2474 1329 2513 402
1352 2471 1432 2522 Η.)
1467 2473 1550 2512 ‘ab
1585 2477 1752 2513 euentu
1783 2473 1828 2513 in
1863 2473 2085 2526 qualitate

227 2558 270 2567 ..
312 2533 362 2567 ut
393 2527 629 2568 Sabinis
670 2528 881 2568 Ennius
920 2527 1060 2569 dixit:
1094 2533 1217 2568 cum>
1253 2542 1292 2570 e.
1327 2542 1367 2581 q.
1402 2541 1436 2568 s.
1498 2529 1625 2569 Inter
1656 2530 1824 2570 satiras
1857 2530 1965 2580 (inc.
1999 2535 2088 2570 sat.

294 2720 316 2763 1
364 2721 540 2766 Versus
576 2723 755 2766 initium
795 2735 948 2766 01111103
977 2724 1139 2780 explet
1249 2729 1408 2781 gentes
1435 2723 1625 2780 Lipsius
1663 2730 1820 2782 gentes
1857 2737 1955 2767 esse
1979 2725 2091 2768 libri

185 2798 346 2849 gentes
388 2792 513 2835 Asiae
554 2792 910 2847 Buechelerus,
954 2798 1003 2836 ut
1041 2795 1223 2851 inteqer
1258 2795 1346 2850 fiat
1383 2796 1690 2850 septenarius
1836 2793 1865 2836 2
1905 2800 2085 2838 cunctas

185 2867 314 2905 cauto
343 2861 438 2917 (uel
462 2860 606 2919 caute)
633 2865 809 2919 scripsi
844 2868 1008 2907 cuncto
1049 2863 1106 2906 W
1131 2863 1297 2908 Bamb.
1339 2869 1548 2907 cunctato
1581 2866 1731 2908 celeri
1755 2864 1866 2908 libri
1901 2870 2082 2908 cunctas

185 2930 386 2976 Botleius
413 2930 441 2975 2
469 2933 623 2976 Antea
649 2933 863 2978 diuerbio
893 2935 960 2977 sic
995 2933 1360 2978 distribuebam:
1399 2969 1408 2978 .
1434 2969 1443 2978 .
1481 2932 1592 2977 benc
1621 2932 1796 2978 mones:
1840 2939 1935 2978 tute
1961 2934 2085 2993 ipse?

179 3027 245 3032 —
274 3000 461 3047 Cuncto.
496 3027 554 3034 -
585 3002 692 3048 Vide
719 3002 749 3048 s.
779 3017 821 3047 11.
851 3003 1097 3061 Inteyrum
1123 3017 1315 3048 uersum
1343 3006 1482 3049 [alem
1511 3001 1622 3048 110110
1650 3017 1836 3048 monens
1865 3010 1961 3048 tute
1988 3003 2083 3063 ipse

180 3077 385 3117 cunctas:
426 3087 450 3118 ο
480 3072 581 3117 uide
612 3072 640 3118 s.
669 3073 735 3118 u.!
776 3074 1108 3119 Bucclzelerus
1133 3076 1439 3119 commendat.
1540 3074 1568 3120 3
1598 3075 1680 3118 iam
1710 3076 1783 3119 uel
1812 3088 1909 3118 nain
1935 3088 2082 3131 prac-

179 3144 450 3188 mittcndum
471 3148 605 3201 pulc,
631 3157 720 3202 om.
747 3145 860 3189 libri
965 3143 1083 3188 domi
1123 3143 1186 3202 (in
1215 3145 1360 3190 Italia
1388 3143 1507 3202 scil.)
1536 3144 1866 3190 Buechelcrus
1892 3143 2081 3188 dominis

178 3214 292 3258 libri
314 3214 444 3258 nimis
465 3214 688 3259 Halmius
783 3213 968 3258 audaces
997 3215 1115 3257 serui
1144 3214 1418 3274 depopulant
1444 3229 1578 3275 agros
1600 3214 1885 3259 Dominorum
1914 3213 2081 3258 domini

180 3282 382 3328 Botlzius
409 3283 438 3327 2
466 3283 652 3328 audaces
678 3283 954 3344 depopulant
979 3298 1113 3343 agros
1140 3284 1267 3329 Serui
1295 3285 1577 3329 dominorum
1613 3284 1801 3328 dominis
1843 3284 2081 3329 Vahlenus

285 3353 316 3397 4
342 3354 632 3400 Heoeametri
655 3356 882 3414 dactylici
900 3354 1115 3412 frustum
1141 3357 1306 3413 habes,
1347 3358 1441 3400 nisi
1459 3355 1590 3413 forte
1617 3358 1910 3411 anapaestos
1933 3367 2078 3412 prac-

176 3422 336 3480 feres:
375 3453 404 3466 0
425 3453 454 3466 c
473 3462 507 3470 -
528 3453 558 3467 υ
596 3431 640 3469 01
668 3438 862 3484 aequora
887 3424 1002 3470 311133
1029 3438 1168 3485 ueges
1196 3420 1213 3487 ΙΙ
1241 3425 1498 3485 ingentibus
1539 3426 1710 3469 uentis.-
1749 3425 1834 3468 sed
1859 3424 1926 3482 cf.
1957 3430 2079 3483 ἶνας.

183 3489 281 3536 251
381 3495 520 3539 uestis
554 3495 614 3538 W
707 3494 737 3540 5
765 3495 942 3554 generis
969 3494 1144 3551 Ianus,
1174 3498 1393 3541 nimirum
1418 3493 1671 3556 γαμβροῖς,
1701 3500 1750 3539 ut
1777 3499 1908 3539 recte
1933 3497 2078 3539 inter-

173 3566 404 3620 pretatur
431 3563 675 3610 Clzristius.
704 3565 858 3624 generi
879 3566 1013 3611 Rom.
1118 3565 1423 3612 Octonarium
1447 3567 1697 3611 iambicum
1726 3567 1820 3609 sic.-
1847 3577 2097 3626 quamnam,
