2294 3844
992 277 1043 318 L.
1076 276 1292 317 ATT1vs
1991 274 2089 327 145

1045 406 1098 458 II
1140 405 1223 477 (4)

1156 503 1253 553 etsi
1295 505 1376 553 est
1415 500 1472 553 sn
1513 503 1666 555 malis

330 598 621 666 Depositus
664 599 895 668 animus,
937 601 1070 667 quac
1113 600 1257 651 scibo
1299 599 1487 650 exinde
1529 600 1725 652 audies.

220 805 287 857 75
332 803 510 876 [Nziin]
556 807 680 874 quid
728 806 815 858 hic
862 810 973 858 tam
1023 808 1244 858 obsci‘irc
1293 806 1493 858 dictum
1535 810 1636 876 est,
1683 808 1862 860 taimue
1903 808 2085 862 ineno-

1512 903 1724 955 diibile?

1030 998 1108 1052 IV
1151 996 1234 1069 (2)

329 1093 382 1146 Si
424 1094 508 1146 'tul'
546 1099 761 1147 ueretur
800 1097 853 1147 te
894 1094 1256 1165 progenitoris
1269 1139 1282 1164 ,
1323 1095 1466 1148 cedo.

1051 1199 1100 1250 V
1143 1198 1225 1269 (9)

431 1339 439 1347 .
482 1297 572 1348 sed
611 1296 710 1348 tibi
755 1297 951 1348 cautim
993 1299 1074 1347 est
1113 1296 1417 1348 adeundum
1458 1297 1524 1348 {id
1565 1298 1754 1350 uirum.

1032 1392 1109 1444 VJ
1153 1390 1235 1462 (2)

326 1489 401 1540 At
439 1490 650 1558 uereor,
706 1507 826 1541 eum
873 1492 926 1540 'ce
975 1507 1088 1541 esse
1135 1488 1480 1542 'Aleimeonis
1527 1490 1750 1542 frzitrem
1797 1491 1954 1543 saetis
2003 1491 2086 1543 de-

1517 1586 1661 1638 dica-t

329 1778 463 1831 Cum
503 1780 621 1847 ipsa
663 1780 843 1830 simitu
885 1777 1198 1831 nisseritudo
1240 1781 1481 1831 meorum
1528 1781 1678 1832 nulla
1726 1782 1807 1832 est
1845 1779 2090 1832 liberum.

180 1945 489 1985 cunctantur)
542 1940 909 1994 (Alpesiboea
947 1943 1104 1983 Bamb.
1163 1942 1547 1995 Alphesiboea
1589 1944 1765 1994 ceteri.)
1892 1945 1938 1984 II
1977 1944 2089 1984 Non.

177 2000 281 2048 279,
315 2000 367 2038 25
401 1998 708 2050 ‘deponere
743 2004 812 2038 est
845 1999 1111 2051 desperare,
1145 2000 1263 2039 unde
1300 2004 1344 2039 ct
1377 1999 1576 2052 depositi
1610 2000 1844 2053 desperati
1877 2001 2091 2040 dicuntur

291 2054 456 2093 Accius
489 2056 534 2093 in
566 2055 712 2094 Tereo
745 2086 753 2095 .
781 2086 789 2095 .
818 2086 826 2095 .
857 2055 976 2095 idem
1009 2057 1054 2095 in
1086 2055 1425 2095 Alfesiboea
1455 2087 1464 2096 .
1491 2087 1500 2095 .
1528 2059 1563 2097 .'
1681 2057 1749 2097 111
1781 2058 1893 2097 Non.
1930 2059 2002 2106 15,
2040 2060 2090 2098 10

181 2110 382 2149 ‘enoda
416 2111 647 2153 signifieat
680 2111 875 2162 explana
907 2143 916 2151 .
945 2143 954 2152 .
981 2143 988 2151 .
1020 2114 1188 2151 Accius
1222 2114 1456 2164 Eurysace
1489 2143 1497 2151 .
1526 2144 1533 2151 .
1561 2144 1570 2153 .
1607 2113 1726 2153 idem
1760 2114 2090 2153 Alfesiboea

222 2197 231 2207 .
258 2169 296 2206 .’
432 2167 496 2209 IV
527 2168 640 2210 Non.
673 2170 770 2219 497,
806 2169 830 2207 2
875 2172 1002 2207 ‘cuni
1045 2170 1126 2208 sit:
1170 2173 1398 2209 iteretur
1437 2168 1561 2208 illam
1602 2183 1692 2208 rem
1733 2201 1741 2210 .
1770 2202 1777 2209 .
1806 2201 1814 2209 .
1852 2170 2090 2209 ueteribus

180 2224 422 2274 genethius
455 2238 534 2276 pro
569 2227 834 2264 accusatiuo
868 2226 971 2276 poni
1008 2225 1163 2276 placet
1203 2256 1211 2265 .
1239 2257 1248 2266 .
1275 2256 1284 2265 .
1315 2225 1481 2264 Accius
1515 2225 1918 2277 Alphesiboea:
1962 2228 2018 2266 si’
2052 2240 2090 2269 c.

180 2294 219 2331 q.
256 2293 289 2321 S.
386 2280 423 2319 V
455 2280 567 2320 Non.
601 2283 704 2325 512,
742 2284 790 2320 10
825 2282 1064 2320 ‘cautim
1097 2295 1177 2334 pro
1212 2285 1362 2322 caute.
1395 2282 1561 2321 Accius
1596 2282 1956 2323 Alfesiboea:
1992 2282 2088 2322 scd'

183 2350 219 2377 e.
256 2350 293 2387 q.
328 2349 361 2378 S.
499 2337 558 2376 VI
590 2338 704 2378 Non.
737 2339 840 2388 280,
873 2340 898 2376 4
941 2337 1235 2378 ‘dedicare
1279 2342 1347 2378 est
1389 2338 1559 2378 dicare.
1612 2339 1672 2378 M.
1704 2338 1880 2378 Tullius
1919 2339 2089 2378 Accius

178 2393 222 2431 in
255 2393 584 2433 Alfesiboea
616 2424 624 2433 .
652 2425 659 2432 .
687 2398 722 2434 ,²
757 2393 1053 2444 (Exciderunt
1087 2399 1189 2446 post
1223 2393 1447 2434 Tullius
1479 2395 1621 2434 uerba
1654 2394 1906 2447 Ciceronis)
2006 2396 2088 2434 VII

177 2449 288 2489 Non.
336 2451 436 2500 136,
479 2451 528 2490 19
579 2450 1005 2490 ‘miscritudine
1053 2463 1133 2503 pro
1174 2452 1359 2491 miseria
1405 2451 1478 2490 uel
1527 2452 1857 2493 misericordia.
1919 2452 2086 2492 Accius

179 2506 460 2558 Astyanacte
492 2537 501 2546 .
530 2537 538 2547 .
565 2538 574 2547 .
606 2506 725 2547 idem
757 2507 1142 2559 Alphesiboea
1172 2539 1180 2548 .
1208 2540 1215 2547 .
1243 2511 1290 2550 .'*

319 2654 383 2699 74
424 2656 624 2713 :inimus⁷
664 2670 775 2716 quae
816 2655 940 2701 scibo
981 2656 1141 2701 exinde
1181 2657 1385 2702 Bothius
1422 2658 1711 2702 dubitanter.
1754 2658 1924 2702 animus
1963 2671 2088 2702 meus

178 2739 288 2784 quae
329 2725 449 2770 scibo
490 2727 648 2771 exinde
685 2729 797 2772 libri
833 2729 1004 2771 animus
1045 2742 1167 2771 nicus
1209 2742 1251 2786 q.
1293 2743 1327 2773 s.
1368 2741 1419 2771 ex
1459 2742 1528 2772 nie
1570 2729 1786 2786 Vossich
1815 2729 2020 2773 Botlzius

178 2795 330 2840 audies
373 2797 564 2842 Vossius
602 2797 750 2842 audiet
786 2800 899 2843 libri
974 2800 1048 2842 'in
1088 2798 1213 2842 malis
1241 2798 1362 2843 Meus
1402 2800 1485 2842 etsi
1526 2806 1594 2843 cst
1622 2798 1856 2858 depositus
1896 2799 2085 2858 animus,

179 2880 289 2925 quac
330 2866 480 2923 scibo,
521 2867 678 2912 exinde
705 2868 860 2913 audies
889 2869 1090 2913 Botliius
1118 2868 1164 2918 2,
1211 2869 1462 2927 Temptaui
1499 2870 1660 2927 uaria,
1700 2882 1739 2913 e.
1771 2882 1810 2914 e.
1851 2871 1934 2913 etsi
1962 2883 2087 2914 meus

180 2944 248 2980 est
274 2936 318 2980 in
346 2937 486 2994 malis,
518 2940 645 2996 quod
668 2951 835 2985 uerum
864 2941 1071 2997 uidetur,
1101 2945 1144 2984 el
1171 2955 1216 2984 u.
1249 2939 1310 2983 74
1340 2939 1645 2997 exindaudies‚
1672 2939 1989 2999 Kiesslinyius
2014 2939 2090 2983 de-

178 3008 353 3065 positus
393 3009 564 3052 :inimus
592 3023 716 3054 incus
745 3023 857 3069 quae
896 3011 988 3054 scio
1017 3024 1102 3070 ego
1131 3009 1386 3070 indaudies3
1429 3025 1521 3056 non
1557 3012 1743 3070 lonqius
1769 3011 1937 3055 aberat
1976 3024 2088 3069 quac

177 3078 269 3121 seio
298 3091 345 3121 ea
373 3077 635 3123 indaudies..
734 3079 797 3125 75
828 3094 924 3124 nain
954 3095 1041 3125 om.
1069 3081 1181 3125 libri
1277 3080 1380 3140 quid
1409 3082 1514 3125 itam
1540 3081 1652 3126 libri
1677 3080 1810 3140 quid?
1848 3081 1965 3125 itane
1995 3082 2085 3124 Bo-

180 3148 305 3192 thius
327 3148 350 3191 1
384 3148 491 3207 quid
519 3149 608 3193 ita?
640 3157 784 3195 iamne
814 3151 1016 3196 Botleius
1043 3150 1091 3207 2,
1116 3151 1231 3209 fort.
1263 3158 1393 3195 reete
1477 3150 1665 3195 obscure
1691 3150 1859 3195 dictum
1888 3151 2089 3196 Botleius

181 3216 360 3262 obscuri
387 3218 541 3264 dicunt
566 3222 688 3277 libri,
718 3224 811 3266 nisi
835 3223 962 3280 quod
986 3220 1179 3265 obscuro
1207 3220 1361 3266 dicunt
1387 3234 1496 3266 mss,
1517 3221 1732 3266 Mei-ceri
1757 3221 2085 3265 obscuridicum

178 3286 431 3333 Mercerus
559 3290 622 3335 77
651 3290 729 3335 sed
759 3291 831 3336 ubi
857 3292 1018 3336 cautim
1049 3298 1117 3335 est
1144 3290 1197 3334 ad
1225 3291 1414 3335 eundem
1442 3291 1611 3337 Bamb.
1740 3291 1802 3337 78
1840 3298 1884 3334 at
1918 3292 2087 3336 Iunius

179 3356 230 3400 ad
255 3359 367 3403 libri
462 3360 728 3405 Aleimeonis
757 3365 946 3407 restitui
969 3365 1014 3405 in
1045 3361 1294 3407 Ritsclzelii
1318 3375 1483 3419 opusc.
1513 3362 1569 3406 II
1594 3361 1694 3406 513
1723 3361 1948 3405 Alineonis
1974 3361 2083 3405 libri

180 3425 458 3473 Alcmaeonis
486 3432 627 3489 uulyo
727 3434 935 3492 quoniam
965 3446 1062 3476 esse
1090 3431 1398 3476 Alcumaeonis
1433 3429 1439 3489 Ι
1474 3438 1517 3476 te
1557 3431 1737 3476 srfflrcm
1767 3436 2086 3487 temptaverat

181 3496 475 3544 Ritschelius
501 3515 667 3558 opusc.
698 3503 755 3546 II
777 3502 877 3548 486
989 3501 1163 3546 dedicas
1198 3502 1298 3560 fuit
1328 3505 1410 3560 qui
1430 3506 1723 3559 proponeret
1834 3499 1896 3544 79
1936 3501 2084 3544 simitu

181 3566 383 3612 Botlu'us
404 3568 432 3611 2
461 3571 617 3615 siineta
641 3573 753 3616 libri
777 3574 861 3617 siet
889 3575 1077 3619 Vossius
1103 3573 1201 3616 siet.
1233 3572 1298 3616 Ab
1320 3573 1519 3617 Botleius
1548 3572 1572 3615 1
1667 3583 1867 3614 meorum
1895 3570 2086 3616 Vossius

183 3649 337 3680 corun]
375 3639 487 3683 libri
630 3642 751 3686 nulla
789 3643 1041 3698 Heinsius,
1087 3643 1288 3687 Botleius
1327 3642 1354 3686 ‘2
1399 3641 1483 3685 ulla
1521 3641 1635 3685 libri
1668 3639 1741 3684 illa
1768 3641 1971 3686 Bothius
1998 3641 2022 3685 1

265 3723 452 3764 Rmmzelt,
477 3724 608 3758 Seaen.
635 3727 773 3767 fragm.
1678 3739 1731 3776 10
