2294 3844
1037 301 1088 339 11.
1124 299 1341 340 A'r'rlvs
2038 301 2134 352 183

379 431 657 498 finitumst,
699 429 902 481 steterit
946 449 1062 481 cum
1111 429 1326 480 Achiuis

376 623 452 674 Re'
495 623 653 674 dubia

230 720 335 772 30⁴0
375 718 521 771 Haut
564 719 818 770 dubitarit
862 716 1028 769 ustam
1071 723 1258 771 offerre
1300 721 1394 771 nec
1438 719 1598 787 capiti
1639 722 1945 787 pepercerit.

449 914 491 964 O
534 912 704 979 paster!

451 1104 595 1156 Haec
641 1104 817 1155 Omnia
861 1104 968 1155 uidi
1010 1103 1327 1155 infiainnnari

446 1297 548 1348 Pro
593 1297 643 1347 di
687 1295 1019 1349 inmortales!

370 1490 412 1542 O
455 1489 742 1560 ingratifici
770 1490 985 1559 Argiui,
1026 1491 1300 1541 inmoenes
1342 1490 1489 1558 ‹rr-(ii,
1530 1491 1847 1542 innlcnnnvs
1892 1493 2126 1561 limem-i,

222 1589 328 1640 3⁴55>
370 1587 615 1640 'Exulare
657 1585 853 1656 sinitis,
896 1587 1037 1639 sistis
1078 1587 1225 1655 pelli,
1266 1586 1477 1654 pulsum
1518 1587 1777 1654 patimini.

221 1765 355 1805 quam
387 1751 694 1791 temeritatem
727 1750 930 1797 solebat,
970 1754 1049 1789 aut
1089 1762 1284 1789 errorem
1328 1754 1533 1789 senatus:
1573 1746 1693 1803 [364]
1735 1750 1835 1790 Non
1876 1757 1975 1791 erat
2015 1753 2123 1793 illud

167 1811 172 1817 “
220 1809 400 1862 quidem
431 1809 588 1848 uerum
619 1839 628 1848 .
648 1839 656 1847 .
676 1838 684 1846 .
716 1807 795 1848 sed
827 1812 979 1848 tamen
1012 1805 1122 1846 illud
1153 1806 1339 1858 scripsit
1371 1805 1701 1846 disertissimus
1732 1812 1870 1860 poeta
1909 1822 1987 1861 pro
2031 1823 2122 1859 me3

221 1866 317 1919 egit
348 1865 626 1905 fortissimus
658 1868 809 1911 actor,
844 1876 933 1903 non
966 1863 1109 1904 solum
1142 1866 1374 1915 optumus,
1410 1862 1462 1903 de
1496 1875 1589 1913 me,
1624 1876 1721 1903 cum
1757 1877 1907 1904 omnes
1941 1865 2124 1906 ordines

219 1922 575 1971 demonstraret,
615 1926 845 1966 senatum,
886 1922 1066 1972 equites
1106 1921 1354 1968 Romanos,
1402 1921 1666 1959 unlnersum
1704 1920 1917 1973 populum
1957 1921 2120 1962 Roma-

219 1991 322 2018 num
362 1983 601 2018 accusaret
643 1974 800 2030 [365].⁷
862 1977 1034 2016 ibidem
1077 1977 1151 2026 58,
1195 1977 1272 2016 123
1313 1979 1386 2014 ‘et
1427 1976 1635 2028 quoniam
1676 1976 1763 2016 huc
1802 1991 1870 2016 me
1911 1981 2123 2030 prouexit

220 2035 387 2083 oratio,
430 2034 591 2075 histrio
632 2046 787 2074 casum
827 2046 972 2074 meum
1014 2034 1188 2073 totiens
1228 2032 1616 2080 conlacrumaust,
1665 2046 1765 2073 cum
1803 2036 1869 2073 ita
1913 2034 2123 2074 dolenter

220 2096 379 2144 ageret
410 2102 595 2130 causam
626 2103 791 2139 meam,
833 2094 883 2129 ut
921 2102 1009 2130 uox
1042 2089 1139 2129 eius
1178 2088 1260 2128 illa
1293 2089 1536 2141 praeclara
1567 2087 1770 2130 lacrimis
1808 2091 2119 2143 impediretur.

219 2149 373 2201 Neque
407 2151 592 2200 poetae,
635 2159 821 2198 quorum
854 2159 938 2198 ego
970 2159 1148 2198 semper
1178 2145 1363 2197 ingenia
1398 2145 1560 2198 dilexi,
1605 2147 1800 2198 tempori
1832 2148 2120 2188 meo.defue-

219 2209 345 2244 runt:
380 2216 523 2255 eaque
556 2203 748 2256 populus
779 2203 1006 2243 Romanus
1041 2215 1130 2242 non
1162 2201 1303 2241 solum
1338 2201 1522 2253 plausu,
1556 2202 1636 2241 sed
1669 2203 1807 2242 etiam
1839 2205 2010 2256 gemitu
2043 2218 2121 2245 suo

219 2260 544 2313 comprobauit.
598 2261 752 2299 Vtrum
786 2259 925 2312 igitur
956 2259 1069 2299 haec
1099 2259 1328 2310 Aesopum
1361 2259 1512 2310 potius
1551 2271 1631 2310 pro
1670 2272 1738 2298 me
1776 2265 1857 2300 aut
1895 2260 2117 2300 Accium

219 2318 370 2358 dicere
405 2317 630 2370 oportuit,
663 2317 701 2355 si
733 2315 926 2368 populus
949 2316 1176 2355 Romanus
1198 2315 1315 2354 liber
1347 2320 1488 2364 esset,
1523 2328 1580 2355 an
1605 2316 1836 2368 principes
1859 2317 2118 2357 ciuitatisz2'

219 2373 481 2414 Scholiasta
513 2372 753 2413 Bobiensis
793 2372 850 2412 ad
883 2385 985 2424 cap.
1020 2373 1072 2412 56
1114 2376 1337 2411 ‘summus
1378 2369 1569 2424 artifex]
1612 2375 1742 2412 actor
1781 2371 1873 2412 illis
1906 2375 2120 2426 tempori--

219 2432 301 2470 bus
342 2429 654 2470 nobilissimus
694 2430 968 2481 tragicarum
1017 2428 1275 2468 fabularum
1322 2427 1529 2480 Aesopus
1576 2431 1723 2480 egisse
1771 2428 1952 2468 uidetur
1994 2431 2118 2470 Accii

216 2487 439 2536 fabulam,
480 2499 594 2538 quae
636 2485 849 2526 scribitur
894 2486 1145 2537 Eurysace,
1185 2486 1250 2524 ita
1289 2489 1339 2523 ut
1379 2497 1460 2537 per
1501 2497 1678 2525 omnem
1710 2485 1905 2525 actionis
1940 2499 2116 2526 cursum

217 2549 418 2596 tempora
458 2543 523 2582 rei
564 2541 774 2594 publicae
814 2540 1204 2594 significarentur,
1247 2546 1293 2581 et
1334 2541 1514 2593 quidem
1548 2541 1782 2582 Ciceronis
1824 2543 2009 2582 fortuna
2042 2544 2116 2583 dc-

217 2599 508 2652 ploraretur.’
567 2597 695 2638 Idem
735 2597 791 2638 ad
833 2612 931 2651 cap.
967 2601 1018 2639 57
1061 2603 1112 2639 ‘o
1153 2603 1374 2639 immunes
1408 2596 1537 2650 Grai]
1588 2603 1632 2638 et
1670 2597 1785 2639 haec
1824 2599 1967 2638 uerba
2012 2606 2117 2640 sunt

217 2655 270 2696 de
303 2656 566 2708 tragoedia,
603 2655 650 2695 in
683 2667 772 2707 qua
802 2655 987 2694 uerbum
1020 2655 1144 2695 istud
1176 2657 1435 2695 inmunes
1467 2655 1672 2708 ingratos
1702 2655 1951 2708 significat,
1985 2669 2115 2708 quem

216 2713 454 2753 admodum
488 2706 812 2766 [λειτουργοὺς
845 2712 872 2752 i.
906 2709 965 2765 e.]
1001 2713 1232 2753 munificos
1264 2710 1481 2752 dicebant
1515 2724 1614 2762 eos,
1655 2711 1730 2764 qui
1770 2713 1889 2764 grati
1930 2716 1976 2753 et
2006 2712 2114 2753 libe-

215 2769 335 2810 rales
367 2770 643 2809 extitissent.
702 2769 825 2821 Ergo
863 2780 1025 2809 uersus
1063 2782 1217 2809 omnes
1258 2767 1420 2821 tragici
1458 2767 1515 2808 ad
1546 2768 1692 2821 ipsum
1725 2768 1991 2809 Ciceronem
2027 2800 2036 2809 .
2063 2800 2073 2810 .
2099 2800 2108 2808 .

215 2829 566 2875 conuertuntur3
607 2829 658 2865 ut
695 2824 821 2864 aliud
861 2824 1043 2877 quidem
1080 2826 1126 2864 in
1167 2837 1304 2878 opere
1342 2825 1524 2876 poetico
1558 2825 1717 2875 fuerit,
1757 2825 1884 2865 aliud
1924 2838 2032 2866 uero
2070 2827 2114 2865 in

214 2882 558 2936 ipsiusactoris
588 2880 1036 2934 significationibus.’
1089 2882 1160 2922 Cf.
1194 2885 1370 2934 quaest.
1405 2893 1527 2922 scen.
1562 2895 1602 2934 p.
1634 2882 1714 2922 328
1747 2894 1812 2933 sq.

353 3031 454 3078 360
494 3031 601 3076 haut
638 3029 894 3078 Madzeicus
925 3031 1097 3090 Opuse.
1129 3033 1268 3076 acad.
1293 3045 1340 3088 p.
1371 3027 1472 3074 495
1512 3045 1537 3074 *
1557 3037 1604 3074 ut
1645 3028 1756 3087 (fuit
1783 3029 1876 3088 aut)
1902 3030 2019 3075 Par.
2064 3037 2115 3075 ut

213 3099 388 3149 Gemlil.
428 3097 509 3146 nec
548 3100 867 3161 Ηθνιιαῃίαηα
989 3102 1121 3146 uitam
1164 3101 1479 3161 Nachere‘anct
1521 3100 1634 3144 uiam
1671 3101 1788 3145 Par.
1832 3101 2005 3146 Gembl.

212 3187 349 3233 peper
386 3172 504 3216 Par.
535 3186 594 3215 m.
626 3174 651 3218 1
693 3174 894 3232 pepercit
934 3172 1106 3218 Gembl.
1136 3173 1250 3217 Par.
1280 3187 1338 3216 m.
1370 3169 1397 3213 2
1518 3170 1798 3217 357—360
1836 3171 2112 3231 Seyffertus

211 3244 364 3302 Epist.
402 3245 508 3289 crit.
547 3243 612 3287 acl
647 3244 693 3290 C.
722 3242 962 3289 Halmium
992 3257 1046 3302 p.
1087 3242 1151 3288 65
1191 3245 1259 3288 sic
1299 3244 1655 3287 reconcimzare
1693 3243 1894 3287 studuit.-
1938 3241 2111 3301 quaeri·

212 3327 335 3372 mus,
374 3318 498 3358 certo
537 3313 682 3359 animo
710 3314 786 3373 qui
822 3327 915 3359 rem
943 3312 1161 3373 publicam
1188 3313 1373 3367 adiurit,
1416 3318 1580 3356 statum
1613 3311 1620 3371 Ι
1655 3311 1897 3369 Statuerit,
1936 3312 2113 3356 steterit

211 3397 311 3428 eum
349 3384 547 3439 Achiuis,
584 3397 633 3430 re
671 3383 799 3429 dubia
828 3383 945 3429 haud
971 3382 1243 3429 dubitauerit
1277 3382 1282 3443 Ι
1317 3383 1458 3428 Vitam
1497 3395 1587 3428 non
1618 3383 1800 3427 inuitam
1842 3383 2002 3426 offerre
2028 3395 2111 3426 nec

213 3455 344 3512 capiti
380 3456 633 3513 pepercerit
760 3453 859 3500 361
888 3468 956 3513 sq.
999 3457 1201 3512 repetita
1241 3468 1305 3500 ex
1343 3455 1489 3499 Ennii
1513 3453 1849 3499 Andromacha
1888 3453 2107 3497 {rechma-

212 3525 374 3568 lotide:
402 3539 447 3569 ιι.
477 3523 541 3569 81
570 3532 615 3570 et
641 3524 706 3571 86
804 3524 905 3572 364
934 3538 959 3569 o
987 3525 1106 3571 Bob.
1132 3525 1246 3570 Par,
1277 3538 1386 3570 uero
1415 3525 1590 3570 Gembl.
1690 3523 1818 3582 argui
1844 3523 1960 3567 Par.
1989 3537 2046 3566 m.
2080 3523 2105 3566 1

319 3606 344 3637 o
382 3594 601 3640 immunes
630 3595 746 3640 Bob.
786 3596 939 3640 inanes
965 3595 1080 3640 Par.
1113 3595 1288 3641 Gembl.
1399 3593 1497 3651 Graj
1524 3593 1863 3640 Lachmannus
1888 3595 1934 3637 in
1963 3592 2105 3638 Lucr.

212 3676 260 3720 ρ.
295 3661 391 3708 163
511 3663 610 3710 365
652 3665 794 3710 sinitis
833 3665 1133 3712 Ascensiarea
1172 3672 1214 3711 et
1255 3666 1567 3726 Nauyeriana
1605 3663 1737 3707 sinite
1774 3663 1891 3708 Par.
1931 3663 2103 3709 Gembl.
