2299 3803
211 336 314 387 996
1008 335 1059 373 L.
1093 330 1311 374 ATTIVS

977 460 1216 514 XXXIV
1257 458 1340 530 (τ)

741 558 1005 627 residuoS,
1046 554 1256 628 somn[o
1299 553 1524 625 deditos]

1052 652 1263 706 XXXV

358 795 366 803 .
431 756 550 804 ciim
589 752 720 803 illud
763 752 940 803 obluio
982 751 1149 820 lauet,
1190 749 1279 818 qui
1319 747 1509 800 incidit
1547 747 1897 800 inuidendum

1033 844 1272 898 XXXVI

357 922 590 975 IIectora

1023 993 1290 1047 XXXVII

356 1073 582 1123 terimen

1011 1142 1307 1197 XXXVIII

360 1219 694 1271 inimicitiam

1042 1313 1280 1366 XXXIX

359 1414 509 1464 aluus
552 1409 876 1482 (uiusculiue)

1114 1506 1210 1559 XL

356 1583 599 1651 pristices

208 1731 273 1770 ad
305 1744 372 1783 pa
401 1761 891 1771 ..................
918 1734 1014 1770 set.
1065 1729 1268 1768 Ennius’
1311 1742 1347 1769 e.
1382 1742 1422 1780 q.
1458 1741 1491 1771 s,
1541 1727 1621 1780 (cf.
1652 1729 1708 1768 H.
1743 1727 1923 1768 Keilius
1953 1727 1984 1769 l.
2013 1727 2042 1771 l.
2073 1741 2115 1781 p.

210 1784 311 1839 624>
348 1787 594 1839 Suppleuit
626 1788 816 1827 Vrsinus
962 1785 1153 1825 XXXIV
1185 1786 1352 1825 Festus
1389 1799 1430 1837 p.
1465 1787 1545 1825 281
1578 1785 1639 1827 M.
1680 1782 1854 1837 ‘[reses
1896 1789 1940 1824 et
1978 1785 2118 1825 resi-

211 1844 349 1883 duus
381 1844 549 1883 dicitur
584 1845 801 1897 ignauus,
842 1839 971 1896 quia]
1013 1841 1198 1883 residet.
1250 1842 1414 1882 Accius
1529 1871 1793 1882 ..........
1831 1840 2118 1892 residuos,

206 1897 400 1954 summ[
418 1930 879 1941 .................
916 1895 1154 1949 Afranius]
1188 1898 1237 1937 in
1258 1898 1402 1938 Rosa’
1427 1912 1467 1940 e.
1490 1911 1530 1950 q.
1553 1911 1588 1938 s.
1629 1897 1708 1949 (cf.
1744 1898 1800 1937 H.
1822 1897 1997 1936 Keilius
2029 1897 2060 1941 l.
2084 1897 2117 1941 l,

212 1970 254 2008 p.
288 1957 386 2006 624)
513 1957 682 1997 XXXV
713 1957 857 1996 Varro
893 1956 947 1995 de
972 1955 1000 1997 l.
1024 1955 1074 1995 L.
1098 1955 1162 1994 VI
1183 1956 1236 1995 80
1258 1955 1318 1996 M.
1351 1954 1511 1994 ‘uideo
1545 1968 1571 1993 a
1602 1955 1646 1994 ui
1677 1984 1686 1994 .
1705 1985 1714 1994 .
1734 1985 1744 1994 .
1772 1953 1879 1993 hinc
1909 1954 2117 2001 uisenda,

206 2012 419 2065 uigilant,
453 2013 686 2064 uigiliam,
720 2012 990 2052 inuid'ent
1023 2015 1068 2050 et
1098 2011 1236 2050 Atti:
1270 2013 1412 2050 cum’
1446 2024 1484 2050 e.
1509 2022 1551 2062 q.
1576 2023 1610 2051 s.
1646 2013 1699 2050 ‘a
1731 2023 1818 2063 quo
1850 2010 1989 2049 etiam
2017 2010 2116 2049 uio-

208 2068 328 2108 lauit
369 2070 593 2122 uirginem
633 2083 712 2122 pro
743 2069 929 2109 uitiauit
960 2067 1211 2107 dicebant)
1274 2066 1440 2118 (Attiz
1482 2079 1596 2106 cum
1636 2067 1963 2107 Lachmannus
1999 2065 2117 2110 Mus.

205 2125 349 2165 Rhen.
384 2126 451 2166 III
485 2139 525 2178 p.
559 2128 639 2166 611
682 2126 915 2166 atticum
953 2123 1095 2164 Flor.
1140 2123 1386 2163 acticum
1427 2123 1531 2163 Par.
1566 2123 1592 2162 b
1638 2123 1827 2163 aetati
1861 2135 2015 2174 quom
2045 2135 2117 2162 ce-

207 2182 295 2220 teri
325 2181 455 2231 libri,
489 2183 577 2222 nisi
610 2182 728 2234 quod
762 2195 879 2222 cum
911 2180 1045 2223 Goth.
1077 2180 1367 2220 Attianum
1398 2180 1657 2220 Nunnesius
1696 2179 1754 2219 ad
1785 2179 1953 2229 Phryn.
1985 2192 2027 2232 p.
2061 2180 2116 2219 70

207 2237 319 2277 Lob.
354 2239 600 2278 anticum
633 2239 866 2279 Victorius
983 2236 1140 2277 inuid
1158 2240 1252 2276 ent
1284 2241 1337 2276 et
1373 2237 1572 2276 uitium
1604 2235 1696 2276 illi
1728 2235 1963 2284 obtulit,
1996 2234 2118 2274 uio-

209 2294 377 2342 lauit,
421 2295 562 2346 quod
604 2294 816 2334 incidit
855 2295 911 2333 in
949 2292 1247 2333 uidendum
1288 2291 1498 2344 Scaliger
1537 2292 1666 2332 Coni.
1708 2305 1749 2344 p.
1783 2291 1855 2341 60)
1921 2290 2116 2331 Omnino

210 2349 392 2389 dubium
427 2352 540 2390 haec
574 2364 677 2391 num
711 2351 767 2390 ad
799 2352 974 2390 Attium
1016 2349 1291 2402 pertineant.
1427 2348 1620 2389 XXXVI
1652 2349 1796 2388 Varro
1829 2347 1882 2388 de
1924 2347 1953 2390 l.
1987 2347 2040 2388 L.
2075 2346 2116 2385 X

208 2408 259 2446 70
280 2406 339 2445 M.
395 2406 578 2446 ‘Accius
611 2407 725 2447 hacc
758 2408 803 2446 in
836 2406 1086 2459 tragoediis
1116 2405 1291 2458 largius
1324 2418 1351 2444 a
1383 2405 1535 2458 prisca
1566 2403 1899 2445 consuetudine
1933 2416 2117 2443 mouere

211 2463 361 2515 coepit
395 2469 440 2502 et
471 2462 527 2502 ad
561 2464 731 2503 formas
764 2464 966 2504 Graecas
996 2462 1237 2503 uerborum
1269 2463 1416 2514 magis
1447 2474 1692 2510 reuocare,
1726 2474 1753 2500 a
1786 2473 1872 2512 quo
1903 2459 2117 2499 Valerius

207 2520 293 2557 ait:
327 2521 530 2560 Accius
553 2521 856 2560 Hectorem
889 2519 1051 2560 nolet
1083 2518 1205 2558 face
1223 2531 1298 2568 re,
1321 2517 1572 2558 Hectora
1604 2516 1808 2557 malet.’
1897 2515 2116 2557 XXXVII

206 2576 351 2614 Varro
395 2575 450 2616 de
490 2575 517 2618 l.
557 2577 610 2616 L.
641 2576 680 2614 V
711 2577 761 2615 21
796 2576 856 2617 M.
899 2579 1082 2614 ‘terra
1122 2574 1246 2614 dicta
1285 2574 1340 2613 ab
1376 2586 1450 2623 eo,
1489 2578 1540 2612 ut
1570 2573 1730 2613 Aelius
1769 2572 1954 2616 scribit,
1995 2570 2116 2624 quod

207 2633 369 2671 teritur
495 2631 602 2671 hinc
633 2632 744 2672 fines
778 2644 987 2684 agrorum
1020 2631 1224 2680 termini,
1257 2629 1376 2682 quod
1407 2643 1491 2669 eae
1522 2629 1666 2682 partis
1700 2633 1886 2682 propter
1916 2628 2116 2668 limitare

207 2688 295 2726 iter
328 2689 521 2728 maxime
553 2693 783 2728 teruntur:
825 2688 984 2740 itaque
1015 2687 1100 2727 hoc
1133 2699 1231 2727 cum
1262 2687 1282 2725 I
1323 2686 1368 2724 in
1401 2686 1538 2725 Latio
1572 2684 1747 2738 aliquot
1787 2684 1900 2724 locis
1933 2683 2114 2734 dicitur,

206 2747 257 2782 ut
289 2743 409 2795 apud
439 2743 624 2783 Accium
664 2757 752 2784 non
785 2744 1026 2792 terminus,
1067 2742 1148 2782 sed
1187 2743 1464 2784 terimen.’
1523 2741 1800 2781 Emendauit
1832 2741 1883 2781 L.
1916 2740 2116 2793 Spenge-

207 2800 295 2839 lius
325 2801 372 2839 in
405 2813 562 2843 comm.
597 2801 650 2841 de
674 2801 1059 2840 Varronianorum
1081 2799 1298 2839 librorum
1323 2797 1429 2838 del.
1454 2798 1484 2841 l.
1519 2797 1838 2838 emendatione
1870 2797 1978 2848 (act.
2008 2809 2113 2836 aea-

207 2856 321 2899 dem.
355 2858 533 2898 Monac.
565 2857 697 2896 V112
731 2857 838 2902 anni
871 2856 997 2908 1854)
1029 2869 1071 2908 p.
1103 2857 1155 2896 37
1189 2867 1253 2907 sq.
1287 2854 1512 2895 hoccum
1545 2854 1591 2894 is
1631 2856 1683 2894 in
1715 2853 1886 2893 Latio
1927 2856 1974 2892 et
2005 2857 2114 2893 ter-

206 2925 318 2952 men
350 2912 470 2952 Flor.
508 2912 571 2954 cf.
604 2913 928 2953 Lachmannus
958 2925 1069 2953 mus.
1102 2911 1242 2951 Rhen.
1276 2910 1346 2951 III
1376 2911 1474 2950 611.
1598 2909 1838 2950 XXXVIII
1871 2908 2110 2949 Charisius

207 2969 227 3008 Ι
260 2981 301 3020 p.
333 2971 385 3009 75
416 2969 465 3011 P.
503 2969 804 3009 ‘inimicitiae
836 2973 881 3009 et
912 2969 1106 3009 insidiae
1140 2967 1379 3020 pluraliter
1411 2967 1500 3006 dici
1533 2966 1724 3017 debent,
1756 2965 1837 3006 sed
1868 2964 2114 3005 Sallustius

210 3023 264 3063 de
310 3024 490 3064 insidiis
531 3027 675 3077 prima
714 3027 887 3078 inquit,
931 3029 975 3065 et
1012 3025 1179 3064 Accius
1220 3023 1578 3063 inimicitiam
1618 3023 1760 3063 dicit)
1916 3020 2111 3060 XXXIX

211 3079 448 3120 Charisius
471 3082 491 3120 1
525 3095 565 3133 p.
590 3084 639 3122 61
665 3083 713 3124 Ρ.
749 3082 959 3121 ‘aluum
992 3081 1223 3133 Vergilius
1258 3080 1474 3119 feminino
1507 3091 1676 3131 genere
1708 3091 1846 3131 saepe
1878 3076 2006 3124 dixit,
2037 3075 2113 3116 sed

208 3136 524 3176 masculine
558 3137 729 3177 Caluus
856 3142 902 3177 et
933 3137 1125 3177 Heluius
1156 3135 1304 3176 Cinna
1431 3140 1477 3175 et
1499 3135 1721 3175 Laberius
1755 3139 1802 3174 et
1822 3134 1990 3173 Accius
2020 3132 2112 3172 fre-

209 3196 420 3243 quenter,
454 3192 570 3244 quod
602 3196 751 3245 magis
782 3206 891 3233 usus
923 3193 1213 3234 celebrauit.’
1358 3192 1439 3231 XL
1473 3191 1723 3231 Salmasius
1753 3190 1801 3229 in
1833 3188 1954 3229 Flor.
1983 3189 2056 3229 ΙΙΙ
2087 3189 2113 3228 5

314 3342 412 3388 696
439 3355 598 3387 somno
626 3340 801 3385 deditos
841 3340 1066 3399 Vrsinus,
1095 3340 1316 3400 Scaliyer
1353 3352 1495 3383 summ
1524 3344 1634 3383 ante
1659 3340 1887 3384 lacunam
1915 3338 2019 3382 cod.

210 3412 306 3458 697
337 3413 436 3468 Eis,
467 3426 590 3472 quae
614 3415 885 3469 posuimus,
921 3413 1150 3457 librorum
1187 3413 1477 3468 scripturam
1504 3411 1746 3466 expressit
1770 3407 2112 3452 Lachmannus

207 3482 332 3528 Mus.
361 3482 514 3527 Rhen.
543 3481 632 3527 ΙΙΙ
647 3496 695 3539 p.
726 3482 823 3527 611
855 3480 1020 3525 obliuio
1044 3481 1253 3539 formum
1281 3478 1366 3540 (sic
1393 3481 1515 3524 enim
1549 3474 1736 3537 leqilur)
1765 3492 1794 3522 α
1821 3479 2112 3528 nominatim),

210 3551 424 3596 obliuium
450 3556 552 3597 siue
579 3551 809 3596 oliluuium
838 3552 1078 3596 deducens
1103 3558 1148 3596 el
1173 3549 1460 3596 inuidcmlum
1487 3552 1814 3606 interpretans
1834 3545 2110 3607 pudendum,

212 3628 259 3666 ut
285 3625 489 3668 cultrum
518 3625 592 3667 uel
620 3636 792 3667 saoeum
819 3623 1114 3666 inlelleaeisse
1140 3622 1375 3676 uideatur,
1415 3634 1507 3679 quo
1533 3621 1640 3678 quis
1664 3623 1907 3663 ueretrum
1934 3617 2121 3662 incide>

210 3695 294 3747 rit,
323 3693 525 3736 ablutum
556 3707 698 3750 aqua.
743 3692 836 3736 Pro
871 3693 951 3735 illo
980 3690 1146 3735 obliuio
1173 3693 1340 3735 melius
1367 3688 1517 3734 obluio
1555 3691 1842 3746 scripsisset.
1893 3686 2108 3732 Ceterum
