2299 3803
217 184 320 237 272
614 185 694 226 Ex
725 184 999 226 Ixessnris
1034 182 1433 226 INCERTORVM
1465 182 1724 224 FABVLIS

1007 313 1175 366 CXLI
1217 311 1336 385 (50)

223 414 330 466 240
373 412 597 465 Struunt
640 431 845 464 sorores
886 410 1114 462 'Atticae
1154 410 1327 462 dirum
1366 413 1531 462 nefas.

1077 527 1274 581 CXLII

368 627 499 680 Diui
538 632 806 696 Jwtentes7
846 628 980 678 ferte
1022 623 1234 677 lassatis
1276 626 1452 693 opem!

1065 735 1290 789 CXLIII

371 835 573 886 Mic-ant
615 836 787 886 nitore
828 836 967 885 tecta
1011 834 1224 885 sublimi
1264 837 1439 886 aurea.
1473 904 1479 911 ¹

1068 943 1288 998 CXLIV

367 1058 510 1109 Deos
552 1061 822 1126 parentes,
864 1054 959 1124 qui
995 1059 1217 1125 penates
1258 1055 1410 1107 Terei

1082 1166 1276 1220 CXLV

377 1290 518 1341 Dum
561 1288 819 1356 taeniam,
860 1287 949 1355 qui
990 1288 1183 1338 uolnus
1223 1286 1471 1355 uinciret,
1510 1287 1646 1356 petit

1062 1396 1285 1450 CXLVI

219 1499 327 1549 ,245
1394 1492 1546 1545 nilne
1585 1496 1638 1544 te

369 1592 578 1645 Horum
617 1592 889 1660 fortunae,
929 1589 1009 1642 nil
1050 1588 1466 1643 commiseresel't
1505 1588 1690 1641 meae?

220 1758 347 1797 uolui
379 1756 494 1795 haee
524 1756 611 1794 tria
644 1754 865 1807 exempla.
984 1752 1127 1793 CXLI
1158 1753 1332 1793 Marius
1354 1753 1619 1792 Victorinus
1649 1764 1691 1803 p.
1715 1752 1826 1791 2596
1848 1751 1897 1791 Ρ.
1930 1749 2031 1803 (204
2054 1751 2126 1803 G.)

221 1814 317 1865 (ubi
352 1813 405 1852 de
438 1811 817 1864 hendecasyllabi
856 1810 1096 1850 elementis
1126 1807 1309 1861 dicitur)
1351 1810 1510 1848 ‘item
1552 1821 1680 1848 meae
1714 1806 1946 1847 Camenae
1987 1807 2129 1847 caeli·

217 1878 309 1910 tum
342 1875 488 1910 testor
520 1881 687 1920 genus,
722 1868 961 1908 iambicus.
1022 1869 1159 1907 Item:
1194 1879 1376 1906 carmen
1408 1865 1616 1905 Pierides
1648 1869 1877 1904 struunt
1907 1876 2129 1904 sorores

217 1950 270 1955 —
309 1928 377 1966 ita
418 1925 742 1977 complebitur:
785 1937 967 1963 carmen
1009 1923 1215 1964 Pierides
1255 1927 1464 1974 pangunt
1502 1920 1795 1961 memorabile
1826 1921 2005 1961 Musae:
2048 1919 2130 1960 de-

218 1985 345 2032 hinc,
380 1987 603 2021 struunt
635 1993 858 2020 sorores
889 1981 1124 2020 Atticae
1159 1980 1333 2019 dirum
1366 1977 1559 2018 nefas.'
1612 1978 1748 2017 Terei
1779 1977 1985 2016 fabulam
2014 1976 2128 2016 haec

219 2040 429 2093 produnt.
548 2037 715 2077 CXLII
747 2038 920 2077 Marius
950 2037 1213 2076 Victorinus
1246 2049 1286 2088 p.
1320 2037 1430 2075 2525
1460 2035 1510 2078 P.
1545 2035 1645 2083 (106
1675 2032 1749 2086 G.)
1783 2033 2128 2086 ‘penthemime-

219 2111 290 2136 res
330 2097 377 2134 in
417 2095 636 2135 trimetris
676 2095 787 2133 satis
826 2093 1071 2146 probatur,
1111 2106 1227 2145 quae
1268 2104 1349 2144 per
1386 2092 1518 2131 binos
1550 2091 1725 2130 iambos
1766 2096 1810 2130 et
1849 2090 2130 2142 semipedem
2161 2129 2170 2136 ,

217 2155 358 2193 uerba
391 2151 510 2201 finit,
544 2156 595 2190 ut
627 2155 713 2191 est:
749 2150 894 2189 diui’
930 2163 966 2189 e.
992 2163 1033 2202 q.
1055 2163 1089 2189 s.
1132 2149 1426 2189 Pseudoacro
1458 2148 1515 2187 ad
1546 2148 1660 2189 Hor.
1693 2147 1822 2199 epod.
1855 2147 1954 2189 init.
1987 2148 2130 2186 ‘iam-

221 2211 348 2249 bicus
386 2209 592 2247 trimeter
630 2208 834 2259 tragicus
873 2207 1040 2259 recipit
1077 2206 1218 2259 pedes
1257 2204 1464 2254 dextros,
1503 2203 1724 2244 uidelicet
1766 2203 2003 2256 spondium
2037 2203 2130 2255 pri-

219 2271 350 2315 mum,
385 2265 566 2305 tertium
591 2268 638 2303 et
661 2264 888 2316 quintum3
923 2263 1133 2303 sinistros
1155 2263 1344 2312 iambos,
1376 2261 1599 2301 uidelicet
1621 2259 1885 2311 secundum,
1919 2265 2129 2311 quartum

221 2329 267 2363 et
299 2327 497 2362 sextum:
530 2320 624 2359 diui
654 2351 662 2359 .
684 2351 719 2360 ..
752 2321 917 2372 opem.’
1036 2318 1227 2358 CXLIII
1259 2318 1447 2358 Seruius
1480 2316 1747 2356 Centimetri
1778 2330 1820 2369 p.
1853 2318 1935 2357 377
1959 2315 2013 2356 G.
2046 2314 2129 2365 (IV

219 2393 260 2430 p.
282 2380 361 2418 467
387 2378 460 2427 K.)
503 2379 810 2429 ‘reciprocum
843 2375 1088 2415 iambicum
1113 2377 1158 2414 in
1184 2374 1434 2427 elegiacum
1468 2379 1557 2419 est,
1590 2373 1801 2425 quotiens
1833 2386 1860 2412 a
1881 2371 1969 2411 fine
2001 2382 2129 2411 seau-

221 2448 298 2475 sus
338 2434 590 2486 elegiacum
632 2433 769 2480 facit,
809 2437 859 2471 ut
899 2436 969 2471 est
1008 2432 1115 2472 hoc:
1154 2432 1386 2471 micant’
1421 2443 1458 2470 e.
1493 2443 1535 2481 q.
1569 2443 1602 2472 s,
1665 2433 1862 2469 ‘aurea
1900 2428 2129 2468 sublimi

219 2498 271 2530 te
286 2496 376 2530 cta
408 2490 592 2529 nitore
626 2490 868 2529 micant.’
910 2488 1127 2528 Fortasse
1161 2500 1208 2527 re
1231 2500 1343 2526 uera
1368 2486 1567 2533 elegiaci
1589 2490 1751 2537 poetae
1774 2489 1900 2526 sunt:
1934 2483 2130 2524 conficta

223 2560 320 2587 esse
361 2550 523 2588 censet
543 2545 787 2585 Muellerus
820 2546 849 2586 l.
873 2544 899 2583 l.
1016 2544 1200 2584 CXLIV
1231 2544 1405 2583 Marius
1436 2542 1698 2582 Victorinus
1732 2555 1772 2594 p.
1803 2543 1913 2581 2574
1943 2541 1994 2581 P.
2028 2539 2128 2592 (172

224 2602 298 2655 G.)
342 2603 546 2654 ‘tragico
588 2607 739 2641 antem
777 2602 816 2640 si
849 2601 1166 2653 sesquipedem
1200 2599 1520 2652 praeposueris
1555 2597 1772 2647 ambiam,
1815 2597 1900 2638 erit
1931 2603 1980 2636 ut
2012 2597 2127 2636 dixi-

223 2673 321 2700 mus
352 2663 650 2698 tetrametrus
683 2657 1008 2704 catalecticus,
1042 2663 1112 2696 ut:
1147 2658 1303 2696 deos’
1339 2669 1378 2697 e.
1413 2668 1453 2707 q.
1486 2667 1520 2694 s,
1574 2655 1829 2701 ‘trimeter,
1863 2658 2130 2694 tetrameter

221 2721 394 2756 autem:
429 2715 660 2754 ambiam
693 2713 851 2754 deos’
887 2726 926 2755 e.
959 2727 1000 2766 q.
1036 2725 1069 2754 s.
1188 2711 1348 2751 CXLV
1380 2713 1550 2751 Festus
1589 2724 1631 2762 p.
1663 2713 1746 2751 360
1779 2711 1839 2752 Μ.
1872 2710 2128 2750 ‘taenias

223 2773 446 2813 Graecam
486 2783 645 2810 uocem
684 2771 749 2810 sic
785 2773 1116 2822 interpretatur
1156 2769 1361 2818 Verrius,
1409 2774 1458 2807 ut
1497 2768 1624 2807 dicat
1669 2771 1982 2807 ornamentum
2025 2778 2128 2806 esse

220 2830 404 2869 laneum
435 2829 603 2880 capitis
634 2827 873 2876 honorati,
913 2831 963 2865 ut
999 2827 1059 2867 sit
1098 2825 1218 2878 apud
1257 2824 1566 2865 Caecilium
1606 2824 1659 2863 in
1697 2823 2032 2876 Androgyno
2073 2843 2128 2850 ——

224 2892 268 2924 et
301 2885 466 2924 alias:
507 2885 609 2923 dum
649 2884 877 2924 taeniam'
923 2896 961 2923 e.
995 2897 1035 2936 q.
1067 2895 1101 2926 s,
1161 2882 1364 2921 ‘Ennius
1396 2883 1441 2920 in
1480 2880 1739 2920 Alexandro
1777 2902 1832 2908 —
1871 2879 2040 2919 Accius
2080 2879 2128 2918 in

220 2941 516 2994 Neoptolemo
548 2943 618 2967 —'
653 2939 858 2980 Caecilio
891 2940 1106 2991 ascripsit
1128 2938 1402 2992 Spengelius
1490 2936 1677 2977 CXLVI
1710 2936 1946 2977 Charisius
1978 2949 2021 2988 p.
2044 2936 2128 2976 250

221 2998 270 3038 Ρ.
301 3001 558 3049 ‘zeugma
597 3027 679 3037 ...
718 2995 859 3036 nihil
892 2995 1168 3037 hominum
1198 2999 1251 3035 te
1282 3025 1290 3034 .
1319 3025 1327 3034 .
1355 3025 1364 3035 .
1392 3026 1401 3034 .
1440 2994 1656 3034 mouet?
1691 2993 1842 3046 plures
1867 2993 2128 3033 sententiae

365 3192 467 3238 240
505 3191 664 3236 durum
705 3191 965 3237 Putsclzizcs
1110 3189 1208 3235 241
1250 3188 1323 3234 diu
1364 3189 1510 3234 schol.
1549 3189 1672 3235 Hor.
1783 3188 1856 3232 uix
1894 3187 2000 3232 satis
2027 3189 2056 3232 i.
2086 3199 2126 3232 e.

226 3265 421 3320 nemus,
461 3269 510 3308 ut
537 3263 661 3307 dedit
690 3261 949 3321 Cruquz'us,
989 3262 1137 3307 schol.
1171 3262 1292 3306 Hor.
1412 3258 1512 3303 244
1541 3261 1654 3319 petit
1682 3272 1768 3303 om.
1814 3258 2012 3303 Vrsinus
2041 3255 2124 3319 (ef.

224 3333 501 3378 Mommsem'
525 3334 581 3377 de
618 3335 933 3391 quaternione
959 3333 1012 3377 X
1024 3332 1092 3378 VI
1113 3334 1374 3377 testimonia
1397 3345 1449 3388 p.
1479 3329 1506 3374 7
1514 3328 1561 3388 2)
1684 3328 1784 3374 245
1813 3341 1881 3387 sq.
1923 3327 2044 3372 nilne
2083 3335 2126 3372 te

225 3404 391 3447 Horum
429 3406 606 3461 scripsi
641 3403 748 3447 nilnil
797 3403 1022 3447 hominum
1073 3410 1115 3446 te
1165 3404 1292 3459 cod..
1341 3402 1468 3460 quod
1501 3403 1720 3445 seruauit
1757 3399 2016 3458 Hauplius.
2066 3397 2127 3442 nil

227 3475 420 3518 onmium
451 3470 455 3536 Ι
490 3480 580 3517 tete
609 3473 655 3517 L.
687 3473 892 3519 Mueller
929 3475 985 3517 de
1013 3486 1065 3517 re
1092 3488 1150 3518 m.
1181 3473 1245 3518 72
1356 3471 1463 3515 nihil
1504 3469 1728 3515 lniminum
1771 3477 1813 3514 te,
1845 3470 2027 3528 horum,
2065 3467 2127 3512 nil

224 3560 259 3587 cf.
291 3544 405 3587 mei?
436 3544 762 3605 Bueelgelemts
871 3542 970 3587 ‘240
999 3544 1058 3587 nil
1089 3545 1331 3601 Hauplius
1357 3541 1463 3586 nihil
1494 3543 1594 3586 eod.
1694 3542 1998 3585 comisereseit
2024 3541 2126 3585 eod.
