2299 3803
214 173 318 225 ·254
608 175 689 215 EX
720 175 1002 216 moneris
1036 174 1438 216 INOERTORVM
1469 174 1728 216 FABVLIS

363 304 675 372 Repriment
715 305 922 357 ualidae
963 305 1142 371 legun]
1172 304 1414 356 habenae
1449 307 1606 373 atque
1640 302 1830 373 imperi
1870 305 2122 358 insistent

1550 401 1691 470 iugo,

365 635 1115 646 ...........
1179 612 1314 662 quae
1355 593 1545 645 mulier
1584 611 1692 645 una

362 687 617 758 'Vsurpat
657 691 849 758 duple'x
891 690 1062 741 cubile

1083 808 1261 861 LXIX

1179 903 1362 973 huius,
1401 903 1594 973 Phere,

219 1000 322 1051 130
363 999 466 1052 Hic
510 1002 681 1052 cubile
722 1000 858 1053 inire
901 1005 980 1054 est
1021 1021 1196 1054 ausus,

360 1213 643 1284 Virginem
684 1235 766 1267 nie
802 1217 1072 1285 quondam
1111 1218 1339 1269 inuitam
1378 1218 1472 1286 per
1511 1217 1622 1268 uiin
1662 1216 1831 1268 uiolat
1862 1214 2118 1284 Iuppiter.

358 1411 548 1468 'Erebo
591 1419 872 1485 procreata
912 1419 1076 1470 fuscis
1117 1416 1355 1471 crinibus
1396 1416 1540 1487 Nox,
1579 1420 1631 1469 te
1672 1415 1885 1470 inuoco.

981 1513 1190 1566 LXXII
1230 1512 1351 1585 (17)

362 1607 582 1661 Caelum
622 1610 904 1680 nitescere,
945 1612 1164 1664 {irbores
1204 1611 1564 1680 frondescere,

357 1704 510 1757 Vite's
551 1707 812 1758 laetificae
852 1708 1121 1776 pampinis
1160 1708 1472 1776 pubescere,

216 1801 321 1853 135
361 1801 524 1853 Raini‘
562 1803 815 1855 bacarum
855 1804 1100 1856 ubertate
1139 1803 1522 1874 incuruiscere,

208 1928 357 1988 φόρον
388 1934 649 1986 Κριθῶντα
679 1935 838 1978 πῶλον
870 1950 924 1978 ex
954 1938 1074 1978 Attii
1107 1936 1415 1978 Clutemestra
1448 1942 1630 1990 sumpta
1662 1951 1760 1979 esse
1795 1939 1985 1979 conieci.

321 1992 700 2033 LXVIII—LXX
726 1994 883 2035 Cicero
907 1994 962 2034 ad
986 1995 1094 2036 fam.
1117 1995 1182 2034 IX
1206 1997 1257 2034 22
1291 1995 1471 2048 ‘placet
1491 1994 1660 2035 Stoicis
1685 2008 1764 2036 suo
1788 2008 2008 2048 quamque
2029 2008 2118 2035 rem

207 2048 386 2088 nomine
421 2048 667 2101 appellare.
731 2051 796 2091 sic
828 2052 946 2090 enim
980 2051 1227 2102 disserunt,
1268 2051 1382 2091 nihil
1411 2063 1507 2091 esse
1539 2052 1802 2103 obscenum,
1837 2053 1952 2092 nihil
1985 2058 2116 2104 turpe

208 2104 335 2144 dictu
365 2136 374 2145 .
394 2136 402 2144 .
421 2136 430 2145 .
461 2106 614 2158 itaque
645 2119 733 2146 non
764 2107 896 2147 modo
928 2110 976 2147 in
1009 2108 1256 2148 comoediis
1289 2121 1358 2148 res
1389 2109 1490 2160 ipsa
1522 2114 1738 2149 narratur
1766 2139 1776 2149 .
1795 2141 1804 2150 .
1824 2140 1834 2150 .
1865 2109 1947 2150 sed
1978 2109 2117 2149 etiam

205 2162 252 2200 in
283 2161 546 2213 tragoediis.
609 2163 717 2214 quid
748 2169 817 2204 est
848 2165 964 2203 enim
997 2164 1143 2204 illud?
1186 2178 1321 2218 quae
1353 2164 1547 2204 mulier
1577 2178 1704 2216 una;
1745 2165 1877 2217 quid,
1909 2166 2112 2217 inquam,

205 2220 301 2257 cst?
348 2223 578 2271 usurpat
625 2219 664 2258 d.
708 2232 745 2259 c.
808 2221 946 2272 quid?
990 2219 1177 2273 [LXIX]
1222 2221 1328 2274 quid
1368 2223 1468 2261 est?
1519 2218 1686 2275 [LXX]
1747 2224 1858 2263 bene
1902 2221 2112 2262 uiolat:

206 2275 334 2325 atqui
366 2275 479 2314 idem
511 2274 762 2327 significat·
797 2277 879 2318 sed
912 2277 1102 2317 alterum
1131 2291 1258 2318 nemo
1291 2277 1507 2318 tulisset.’
1550 2278 1765 2319 Electrae
1796 2279 1843 2318 in
1871 2279 1989 2319 Attii
2011 2277 2115 2318 Clu-

205 2335 420 2371 temestra
450 2338 640 2371 matrem
673 2333 956 2386 obiurgantis
988 2335 1125 2374 uerba
1157 2335 1312 2375 haberi
1335 2339 1526 2386 possunt
1556 2335 1608 2375 fr.
1633 2334 1842 2378 LXVIII.
1887 2336 2116 2387 Antiopae

205 2386 502 2427 Pacuuianae
533 2390 672 2429 tribui
706 2389 759 2430 fr.
794 2390 933 2432 LXX.
1076 2390 1227 2430 LXXI
1257 2391 1392 2430 Pauli
1422 2391 1585 2431 Festus
1615 2406 1657 2444 p.
1689 2392 1742 2431 83
1762 2391 1823 2433 Μ.
1855 2392 2114 2431 ‘Erebum

205 2443 440 2495 Vergilius
481 2445 703 2485 interdum
744 2447 1067 2487 obscuiitatem
1116 2447 1341 2500 quandam
1391 2459 1488 2486 esse
1530 2448 1745 2488 describit
1784 2447 1904 2500 apud
1942 2447 2114 2488 inferos

294 2530 301 2538 .
343 2500 488 2540 Vario
521 2514 629 2540 uero
662 2502 812 2542 Erebo
849 2508 1004 2543 natam
1036 2503 1229 2543 Noctem
1263 2505 1342 2542 ait.
1403 2503 1521 2543 unde
1555 2509 1625 2544 est
1657 2509 1702 2544 et
1732 2503 1867 2543 illud.
1907 2502 2110 2544 E1eb0

210 2568 245 2594 e.
271 2569 309 2607 q.
333 2569 368 2598 s,
410 2558 609 2597 Possunt
641 2571 697 2597 ex
727 2559 1058 2600 Eumenidibus
1093 2561 1230 2599 Ennii
1263 2563 1458 2611 sumpta
1472 2572 1541 2600 ess
1536 2572 1588 2601 -:e
1624 2560 1682 2603 cf
1713 2560 1877 2600 Aesch.
1910 2562 1989 2600 321
2023 2560 2113 2613 μᾶ-

208 2625 310 2663 τερ,
345 2605 376 2652 α’
408 2604 458 2664 μ’
493 2609 696 2666 ἔτικτες,
737 2628 771 2653 ω
804 2614 952 2668 μᾶτερ
986 2609 1092 2666 Νύξ
1126 2622 1171 2655 et
1202 2618 1297 2656 844
1430 2616 1602 2661 LXXII
1635 2615 1796 2656 Cicero
1829 2617 1963 2656 Tusc.
1996 2617 2112 2668 disp.

205 2669 227 2708 I
259 2669 336 2718 28,
369 2670 422 2709 69
455 2670 555 2709 ‘hic
589 2676 759 2721 autem,
795 2672 873 2711 ubi
904 2672 1181 2723 habitamus,
1213 2686 1303 2713 non
1334 2673 1598 2713 intermittit
1628 2686 1709 2713 suo
1742 2677 1943 2726 tempore
1976 2686 2108 2713 cae-

205 2724 339 2764 lum'
371 2738 406 2764 e.
441 2739 481 2790 q.
515 2739 547 2768 s.
608 2727 734 2767 Idem
767 2728 818 2767 de
849 2734 960 2768 orat.
996 2729 1168 2779 11138‚
1204 2731 1283 2769 154
1316 2732 1570 2769 ‘nouantur
1611 2734 1760 2769 autem
1790 2731 1955 2783 uerba,
1998 2742 2112 2782 quae

207 2782 262 2821 ’ὼ
297 2795 348 2821 eo
382 2783 457 2834 qui
490 2783 604 2822 dicit
635 2783 733 2835 ipso
766 2786 1019 2838 gignuntur
1051 2798 1104 2825 πο
1134 2785 1248 2825 fiunt
1286 2785 1363 2825 uel
1396 2786 1727 2838 coniungendis
1759 2786 1908 2826 uerbis
2034 2786 2110 2826 uel

210 2851 349 2890 saepe
382 2840 479 2879 sine
512 2841 834 2881 coniunctione
866 2842 1007 2882 uerba
1039 2855 1128 2882 nou
1134 2847 1288 2893 antur,
1322 2848 1393 2882 ut:
1426 2842 1506 2882 ille
1539 2843 1717 2893 senius,
1750 2847 1820 2882 ut:
1854 2843 1898 2882 di
1929 2844 2111 2896 genita-

348 2973 445 3018 126
485 2960 691 3019 insistant
730 2975 922 3036 Layom.
958 2975 989 3020 4
1030 2978 1190 3021 sistent
1228 2979 1359 3022 malit
1397 2978 1710 3037 Kiesslinyius
1873 2979 1956 3022 iam
1994 2978 2108 3038 perii

203 3043 440 3088 insistente
477 3045 585 3104 ingo
612 3045 726 3090 Iulii
764 3047 1000 3092 Victorius
1027 3049 1161 3093 Rom.
1292 3047 1390 3094 128
1431 3055 1616 3108 usurpat
1643 3063 1806 3108 maryo
1835 3048 2108 3105 Cratandri,

206 3114 413 3159 Nobbius
454 3122 668 3174 usurpato
705 3116 829 3161 Med.
950 3131 1036 3162 unu
1078 3118 1308 3178 usurpauit
1347 3118 1510 3178 duplex
1550 3117 1702 3163 Cubile
1739 3122 1858 3164 coni.
1890 3119 2108 3164 Buecke-
2159 3144 2162 3146 v

206 3187 339 3230 Iertes
462 3184 557 3230 129
598 3184 629 3228 F
635 3187 725 3230 orei
752 3187 875 3232 Med.
915 3188 1100 3233 Pheraei
1124 3190 1380 3234 Ernestius
1492 3188 1589 3235 132
1635 3188 1778 3234 Erebo
1817 3195 1963 3233 creata
1999 3188 2114 3234 libri

209 3253 380 3312 Erebo,
422 3263 489 3312 tc,
529 3263 700 3313 creata,
744 3260 909 3304 omisso
950 3265 1121 3317 postca
1162 3266 1231 3317 te,
1272 3259 1474 3304 Bollcius
1621 3259 1718 3304 133
1745 3271 1847 3318 sqq.
1889 3260 2110 3305 uersibus

202 3328 448 3381 praemilli
483 3340 565 3370 suo
604 3341 693 3371 non
732 3329 998 3373 intermittat
1036 3337 1238 3390 tempore
1277 3332 1426 3375 uoluit
1452 3330 1767 3375 Hermamms
1804 3331 1910 3375 coll.
1937 3331 2108 3376 Aesch.

205 3396 342 3440 Eum.
374 3395 475 3442 894
602 3397 699 3443 134
740 3397 954 3443 laetificae
986 3402 1216 3458 probauit
1254 3401 1502 3445 Bentleius
1540 3397 1777 3444 laetificare
1806 3399 1922 3460 Rey.
1962 3399 2109 3445 laetis-

207 3479 307 3509 cere
347 3467 451 3511 Pal.
484 3482 512 3511 a
662 3467 757 3513 135
800 3482 1004 3514 uacaruni
1043 3471 1236 3516 Abrinc.
1279 3485 1511 3516 uaccarnm
1558 3471 1657 3515 Erl.
1685 3471 1710 3515 b
1749 3471 1805 3515 cle
1843 3477 1966 3516 orat.
2007 3469 2106 3515 bac-

206 3548 354 3579 carum
394 3537 560 3584 Bamh.
593 3537 732 3583 Aonii
838 3541 1139 3585 incisu-nisrerc
1181 3542 1382 3598 Nom'us,
1426 3555 1550 3586 unus
1592 3541 1744 3586 Oxou.
1780 3542 1917 3587 Tusc.
1958 3543 2104 3586 incur-
