2299 3803
959 234 1008 272 L.
1041 232 1259 273 ATTIVS
1970 233 2074 285 283

1019 361 1067 413 X
1110 359 1229 430 (12)

319 454 525 518 Quibus
567 475 674 507 rem
717 476 976 508 summani
1019 459 1071 508 01
1110 457 1339 526 patriam
1387 460 1625 509 nostram
1676 460 1944 526 quondam
1986 461 2072 511 ad-

1543 553 1783 606 uuctaul't
1823 558 1987 623 pater.

213 745 277 796 15
316 745 497 797 Patrio
553 747 793 814 exemplo
849 748 903 798 et
957 747 1039 797 me
1103 745 1291 797 dicabo
1354 748 1512 814 atque
1577 746 1809 798 {unimam
1873 748 2070 799 (leuoro

1501 843 1761 894 hostibus.

317 1032 503 1086 Castra
544 1034 673 1086 haee
716 1038 952 1087 uestrum
985 1038 1086 1086 est:
1127 1036 1344 1103 optume
1379 1035 1508 1087 essis
1541 1036 1760 1088 meritus
1786 1057 1817 1088 a
1842 1035 1999 1089 1101113
2027 1080 2035 1087 .
2065 1080 2072 1088 .

970 1175 1260 1228 BRVTVS

1048 1273 1072 1323 Ι
1115 1271 1197 1342 (2)

957 1368 1278 1436 Tarquinius

313 1472 578 1533 Quoniam
619 1471 782 1538 quieti
824 1473 1016 1540 corpus
1057 1475 1320 1525 nocturno
1362 1471 1566 1542 {mpetu

313 1566 456 1620 Dedi
493 1586 681 1636 sopore
722 1569 942 1636 placans
983 1571 1130 1620 artus
1168 1570 1476 1639 languidos:

311 1664 500 1717 Visum
541 1665 622 1716 est
659 1664 715 1716 in
756 1665 955 1717 somnis
995 1666 1265 1733 pastorem
1306 1666 1371 1717 ad
1413 1685 1495 1717 me
1537 1666 1802 1734 adpellere

206 1762 276 1813 20
314 1761 482 1813 Pecus
521 1761 821 1830 lanigerum
862 1759 1056 1812 eximia
1095 1762 1516 1830 pulchritudine,

165 1925 286 1977 gitur
325 1924 395 1964 uel
438 1924 605 1964 crescit
643 1923 717 1963 uel
749 1924 949 1975 ignescit
985 1954 995 1964 .
1021 1954 1032 1965 .
1060 1955 1069 1965 .
1108 1924 1274 1965 Accius
1306 1924 1613 1965 Aeneadis:
1648 1925 1733 1964 dis
1765 1931 1994 1966 summa>
2031 1940 2068 1967 e.

164 1994 204 2033 q.
239 1993 273 2020 s.
392 1980 431 2019 X
461 1980 574 2020 Non.
609 1982 684 2030 75,
720 1982 739 2019 1
775 1979 1159 2028 ‘adauctauit‚
1193 1982 1332 2021 auxit.
1395 1982 1559 2022 Accius
1590 1981 1817 2022 Aeneadis
1847 1986 1940 2023 ...⁹

164 2037 226 2077 XI
257 2037 370 2077 Non.
403 2039 478 2081 98,
514 2038 560 2076 11
597 2037 919 2081 ‘deuorare‚
953 2037 1213 2087 absumere,
1257 2038 1449 2090 eripere.
1512 2039 1682 2078 Accius
1714 2038 1941 2078 Aeneadis
1972 2043 2067 2080 ...’

280 2094 367 2133 XII
405 2093 518 2136 Non.
558 2095 660 2140 200,
694 2096 748 2133 30
787 2097 1004 2133 ‘castra
1044 2095 1226 2146 generis
1268 2098 1371 2135 sunt
1409 2096 1577 2137 neutri.
1638 2095 1867 2135 Feminini
1906 2096 2074 2136 Accius

164 2150 398 2190 Aeneadis
429 2154 509 2189 aut
540 2150 688 2190 Decio
719 2180 757 2190 ..
777 2152 811 2188 .’

275 2207 461 2246 an'rvs
509 2206 579 2250 Cf,
614 2205 774 2246 Cicero
807 2206 862 2246 ad
894 2205 1097 2246 Atticum
1131 2208 1236 2247 XVI
1268 2209 1306 2246 2.
1423 2208 1441 2247 Ι
1473 2207 1518 2246 11
1554 2206 1715 2247 Cicero
1749 2206 1803 2248 de
1837 2207 1927 2247 diu.
1961 2207 1981 2247 Ι
2003 2210 2070 2257 22,

162 2264 215 2302 44
258 2263 521 2302 ‘cuiusnam
563 2262 680 2302 modi
720 2267 791 2302 est
831 2263 1025 2315 Superbi
1066 2263 1287 2315 Tarquini
1327 2264 1571 2312 somnium,
1620 2264 1674 2302 (le
1715 2277 1802 2315 quo
1842 2264 1888 2302 in
1930 2265 2071 2304 Bruto

163 2320 302 2358 A‹·ei’
344 2317 565 2369 (accius
604 2319 766 2359 Leidd.
797 2319 883 2359 AB
923 2318 1116 2360 vindob.
1158 2320 1341 2359 actius
1382 2320 1537 2360 Heins.
1577 2320 1719 2359 Attii
1762 2319 2069 2371 Camerarius)

165 2375 393 2428 ‘loquitur
425 2376 554 2427 ipse?
590 2373 651 2427 [1]
715 2376 814 2414 eius
847 2376 988 2426 igitur
1029 2375 1190 2416 somnii
1235 2390 1262 2416 a
1294 2376 1633 2417 coniectoribus
1675 2390 1792 2428 quae
1833 2377 1891 2416 sit
1930 2377 2074 2417 inter-

171 2432 370 2484 pretatio
404 2431 530 2472 faeta
562 2432 822 2472 uideamus:
858 2428 972 2485 [II]'

166 2617 369 2649 mannus
419 2591 424 2595 ¹
479 2603 552 2648 ubi
581 2604 772 2648 Grotius
810 2602 887 2648 tibi
925 2605 1038 2649 libri
1073 2603 1129 2648 ibi
1159 2605 1359 2650 Bollu'us
1397 2612 1439 2650 el
1467 2607 1780 2651 Hermanuus
1893 2613 1961 2649 est
2000 2605 2072 2649 ubi

169 2673 450 2733 perduellum
495 2675 685 2719 Vossius
830 2673 1127 2733 perduellium
1169 2676 1482 2721 Hermannus
1519 2675 1595 2735 pol
1634 2675 1771 2720 duelli
1811 2676 2010 2721 Bolbius
2042 2677 2070 2719 2

273 2758 488 2803 quorsum
518 2744 722 2789 Bolbius
749 2745 777 2788 2
818 2758 1009 2803 quorum
1044 2746 1156 2790 libri
1272 2745 1434 2805 quibus
1475 2761 1495 2790 a
1539 2747 1728 2791 Vossius
1766 2745 1926 2804 quibus
1966 2760 2013 2790 se
2049 2761 2070 2789 a

162 2815 296 2859 libri.-
347 2828 410 2858 an
450 2817 497 2859 in
538 2817 632 2859 illis
670 2828 718 2857 so
759 2828 779 2857 a
817 2816 934 2859 [αισι
974 2814 1056 2858 ex?
1183 2816 1414 2861 Senurios
1454 2816 1606 2861 CFW
1637 2817 1844 2861 Mueller
1878 2818 2070 2873 prosocl.

161 2886 324 2930 Pluul.
365 2884 463 2929 237
504 2887 709 2940 metitur,
760 2883 1039 2943 perduellum
1080 2899 1196 2930 uoce
1234 2888 1298 2930 ucl
1334 2892 1431 2931 tres
1469 2888 1684 2943 syllabas
1722 2888 1937 2931 redacta.

166 2954 230 2999 14
269 2961 315 2999 et
352 2971 439 2999 om.
482 2954 831 3012 Neulcirclzius,
870 2958 1066 2999 retinuit
1100 2956 1437 3001 Lachmannus
1471 2959 1517 3001 in
1551 2957 1694 3001 Lucr.
1724 2957 1778 3001 II
1809 2956 1940 3000 1122

164 3031 357 3070 uestram
400 3025 559 3073 Vrbin.
590 3025 689 3071 307
846 3024 908 3070 15
945 3024 1116 3070 ‹louoro
1152 3027 1287 3083 libri,
1326 3028 1452 3085 quod
1488 3033 1619 3071 recle
1657 3026 1887 3071 (1011011010
1926 3031 2069 3072 inler-

161 3100 388 3153 pretalus
433 3101 501 3141 esc
540 3095 873 3140 Buechelerus
919 3109 1036 3140 mus.
1072 3096 1226 3141 Rben.
1266 3097 1367 3142 XV
1398 3096 1498 3142 434
1535 3111 1605 3156 sq,
1654 3096 1821 3141 denoto
1863 3098 2068 3142 Neulcir-

164 3166 298 3210 chius
343 3165 566 3210 denotabo
618 3165 810 3211 Vossius
851 3163 1046 3210 deorabo
1087 3166 1366 3212 Klausenus
1417 3168 1471 3212 de
1519 3169 1680 3212 Aenea
1724 3182 1774 3225 p.
1822 3166 1921 3211 922
1974 3173 2068 3212 not.

165 3235 298 3281 1833
335 3236 398 3280 kh
520 3235 582 3281 16
632 3241 782 3279 uestra
823 3236 1031 3293 Nonius,
1070 3236 1282 3293 defendit
1321 3238 1652 3282 Buechelerus
1750 3237 1836 3281 0313
1876 3237 2068 3281 Merula

159 3319 209 3362 p.
238 3305 416 3351 CCGLI
453 3306 566 3350 escis
608 3305 810 3350 Bolhius
849 3311 917 3350 est
956 3307 990 3350 is
1033 3306 1224 3352 Vossius
1264 3308 1372 3352 estis
1400 3307 1716 3352 Hermannus
1754 3321 1801 3351 es
1839 3308 1906 3350 sio
1944 3310 2066 3352 coni.

166 3375 494 3422 Buechelerus
602 3376 745 3420 meriti
781 3375 821 3419 id
860 3390 880 3419 a
921 3374 1049 3420 nobis
1075 3377 1389 3423 Hermannus
1416 3378 1601 3422 meritus
1629 3377 1681 3420 (le
1708 3375 1836 3420 nobis
1879 3377 2068 3422 Vossius

306 3445 368 3490 17
409 3447 618 3505 quoniam
654 3446 766 3490 libri
802 3459 936 3504 quom
976 3447 1058 3490 iam
1099 3449 1239 3508 uulyo
1400 3447 1461 3492 19
1504 3449 1624 3492 uisus
1664 3452 1733 3490 est
1771 3447 2068 3492 Heinsiunus

164 3513 313 3558 uisust
349 3515 607 3561 Lambinus
749 3522 973 3574 pastorem
1019 3515 1262 3563 Orelliana
1310 3523 1466 3577 pastor
1514 3518 1649 3574 libri,
1686 3517 1943 3562 Lambinus

164 3583 355 3644 apellere
394 3585 520 3630 Leid.
553 3585 592 3630 A
628 3585 850 3646 appellare
889 3586 1054 3634 Heius.
1189 3587 1256 3635 20
1281 3601 1349 3649 sq.
1390 3587 1645 3633 Inuersum
1683 3589 1729 3632 in
1768 3587 1902 3632 libris
1941 3589 2065 3632 ordi-
