2294 3844
200 215 268 266 64
995 214 1050 264 Q.
1082 212 1305 255 ENNIVS

1014 341 1121 394 VII
1161 339 1282 412 (36)

348 483 564 491 .....
606 438 665 491 ui
703 439 1073 508 patefecerunt
1112 437 1333 507 Bruges.

1001 548 1134 600 VIII
1176 545 1296 618 (10)

1330 642 1521 695 heliae!
1565 674 1631 679 —

348 744 483 813 'Ipse
525 743 723 810 clipeus
765 741 965 793 cecidit.

889 835 967 889 IX
1009 833 1153 905 (Pae.
1178 835 1316 887 Med.
1342 833 1400 905 8)

201 937 307 989 335
349 978 357 987 .
401 978 408 986 .
453 978 459 985 .
502 940 655 987 tueor
695 935 746 986 te
789 932 983 986 senex?
1031 950 1127 1001 pro
1168 931 1428 1000 Iuppiter!

1010 1028 1060 1080 X
1102 1026 1210 1098 (Αἱ.
1236 1026 1294 1098 2)

203 1189 212 1199 ἱ
1085 1124 1222 1176 Aiax

201 1184 307 1309 Ξὲξ
351 1221 506 1295 [Hoc]
550 1209 729 1276 himen
769 1222 1044 1273 iubarnest
1084 1221 1224 1289 quod
1266 1219 1324 1271 1'11
1365 1220 1509 1271 eaelo
1551 1219 1746 1272 cerno?

1027 1324 1105 1376 XI
1146 1321 1267 1393 (11)

349 1424 645 1477 Salmacida
688 1423 855 1492 spolia
899 1420 1013 1473 sine
1054 1421 1244 1474 sudore
1285 1423 1337 1472 et
1378 1421 1637 1490 sanguine

333 1588 421 1629 VII
454 1586 614 1627 Cicero
647 1590 759 1626 orat.
791 1585 865 1632 48,
901 1587 980 1626 160
1013 1585 1230 1625 ‘Burrum
1262 1596 1440 1636 semper
1470 1583 1665 1634 Ennius,
1696 1595 1938 1635 numquam
1970 1584 2104 1635 Pyrr-

204 1645 330 1693 hum3
352 1645 406 1683 ui
428 1658 470 1696 p,
493 1643 561 1694 B.,
581 1655 672 1682 non
694 1641 922 1694 Phryges:
956 1642 1140 1694 ipsius
1173 1641 1395 1692 antiqui
1428 1639 1729 1680 declarant
1759 1639 1925 1682 libri.’
1965 1640 2103 1691 Quin-

206 1701 398 1741 tilianus
437 1702 457 1741 I
487 1702 534 1750 4,
569 1703 619 1740 15
660 1698 761 1739 ‘sed
800 1699 836 1738 B
878 1710 1057 1749 quoque
1096 1698 1143 1737 in
1180 1696 1329 1737 locum
1371 1696 1562 1735 aliarum
1600 1695 1802 1736 dedimus
1841 1696 2103 1749 aliquando,

206 1757 324 1797 unde
356 1757 529 1796 Burrus
562 1760 608 1796 et
637 1756 854 1807 Bruges
888 1758 933 1794 et
964 1755 1172 1796 Belena.’
1292 1752 1402 1793 VIII
1436 1754 1579 1793 Varro
1612 1752 1664 1791 de
1694 1751 1722 1792 1.
1756 1752 1809 1794 L.
1841 1752 1928 1793 VII
1958 1755 2012 1793 93
2041 1752 2101 1794 M.

202 1819 376 1854 ‘euax
407 1814 596 1853 uerbum
628 1811 743 1851 nihil
774 1809 1026 1863 significat,
1069 1811 1148 1850 sed
1182 1809 1424 1850 effutitium
1456 1807 1732 1848 naturaliter
1764 1813 1854 1860 est,
1891 1815 1943 1848 ut
1983 1809 2103 1862 apud

200 1870 393 1909 Ennium
425 1899 434 1908 .
454 1872 516 1911 ..’
550 1870 809 1920 Anonymus
841 1867 895 1907 de
928 1867 1078 1907 dubiis
1109 1866 1365 1906 nominibus
1397 1866 1443 1905 in
1470 1865 1612 1905 Keilii
1643 1877 1830 1917 gramm.
1858 1866 1980 1905 Latt.
2009 1865 2102 1905 uol.

204 1928 237 1966 V
270 1941 311 1979 p.
335 1928 417 1966 574
456 1925 727 1977 ‘clipeus,
761 1936 864 1975 gen.
895 1937 1058 1974 masc.,
1091 1927 1141 1963 ut
1171 1923 1368 1963 Ennius:
1403 1921 1572 1962 cecidit
1601 1921 1810 1973 clipeus)
1856 1921 2102 1962 Patricolis

202 1982 387 2023 caedem
428 1982 475 2021 in
514 1981 732 2021 Hectoris
770 1979 904 2020 lutris
940 1980 1119 2020 narrari
1149 1979 1318 2019 Achilli
1357 1978 1500 2018 statui
1537 1978 1653 2018 conl.
1682 1978 1873 2018 Homeri
1911 1978 1963 2021 11.
1995 1978 2103 2018 XVI

199 2040 295 2080 803.
421 2039 484 2078 IX
516 2038 661 2077 Varro
695 2037 748 2076 de
780 2036 810 2079 1.
842 2037 894 2076 L.
925 2037 1010 2077 VII
1053 2038 1102 2076 12
1133 2035 1191 2077 M.
1233 2036 1411 2075 ‘tueri
1450 2035 1537 2075 duo
1578 2033 1831 2086 significat,
1869 2047 2005 2074 unum
2044 2035 2101 2075 ab

199 2100 388 2148 aspectu
418 2101 468 2134 ut
501 2094 606 2144 dixi,
641 2093 760 2133 unde
784 2097 854 2132 est
884 2093 1027 2133 Enni
1058 2091 1192 2132 illud:
1224 2095 1382 2132 tueor'
1417 2105 1454 2133 e.
1479 2104 1520 2143 q.
1542 2103 1575 2135 s.
1611 2090 1791 2141 (ennii
1823 2089 1965 2130 illud
1995 2091 2101 2132 Par.

200 2166 226 2191 a
259 2152 399 2191 enim
429 2150 573 2190 illud
598 2149 731 2190 Goth.
752 2149 901 2190 Haun.
929 2149 1020 2190 eni
1053 2148 1195 2189 illud
1217 2148 1343 2190 Flor.
1375 2147 1524 2188 illud
1546 2147 1649 2188 Par.
1674 2147 1720 2195 b)
1743 2147 1926 2187 Priamo
1947 2146 2102 2186 Achil-

199 2209 285 2248 lem
318 2209 365 2247 in
397 2207 557 2247 eadem
598 2205 757 2246 fabula
797 2205 946 2246 dicere
978 2205 1167 2247 conieci.
1303 2204 1343 2244 X
1374 2204 1518 2244 Varro
1551 2202 1604 2243 de
1636 2203 1664 2242 l.
1695 2204 1749 2244 L.
1781 2204 1844 2244 VI
1876 2204 1900 2243 6
1931 2203 1992 2242 M.
2026 2206 2102 2242 ‘ut

198 2270 302 2304 ante
346 2264 486 2303 solem
527 2267 695 2313 ortum,
747 2261 865 2314 quod
915 2261 1074 2302 eadem
1122 2261 1260 2301 stella
1307 2264 1500 2300 uocatur
1543 2259 1725 2306 iubar,
1770 2259 1890 2311 quod
1939 2258 2100 2299 iubata

206 2352 215 2361 .
244 2353 253 2361 .
279 2352 287 2361 .
327 2321 562 2360 Ennius:
594 2320 761 2359 Aiax>
795 2318 988 2368 (Ennii
1026 2318 1165 2357 Aiax
1197 2317 1426 2357 Vahlenus
1466 2318 1512 2355 in
1545 2315 1765 2362 editione,
1806 2316 2100 2355 Ennianus

198 2379 332 2416 Aiax
373 2377 492 2416 idem
529 2388 639 2415 mus.
671 2374 813 2415 Rhen.
845 2374 950 2415 XVI
982 2375 1086 2423 578,
1126 2373 1263 2413 ualde
1304 2372 1485 2426 quidem
1519 2371 1849 2425 probabiliter.)
1890 2371 2098 2412 ‘lumen’

200 2447 239 2474 e.
271 2446 312 2484 q.
347 2444 380 2472 s.
415 2431 478 2483 (a)
518 2431 693 2471 Ibidem
723 2431 785 2471 VI
815 2431 867 2471 81
901 2432 960 2474 Μ.
1003 2434 1195 2470 ‘cerno
1227 2430 1345 2469 idem
1376 2429 1521 2469 ualet:
1558 2429 1714 2479 itaque
1747 2441 1828 2480 pro
1859 2427 1997 2467 uideo
2030 2428 2100 2468 ait

199 2490 394 2529 Ennius:
428 2489 600 2528 lumen’
637 2501 674 2527 e.
710 2500 750 2539 q.
785 2499 820 2529 s,
854 2486 919 2538 (b)
952 2486 1126 2526 Ibidem
1160 2486 1244 2526 VII
1276 2487 1328 2526 76
1359 2486 1418 2526 M.
1462 2484 1673 2537 ‘aliquod
1713 2483 1890 2524 lumen’
1923 2497 1960 2527 e.
1994 2497 2034 2536 q.
2067 2497 2100 2526 s.

201 2546 391 2585 ‘iubar
431 2545 599 2584 dicitur
639 2543 772 2584 stella
811 2543 1012 2595 Lucifer,
1055 2555 1194 2595 quase
1242 2542 1289 2581 in
1335 2545 1530 2581 summo’
1573 2540 1650 2591 (cf.
1692 2540 2014 2581 Lachmannus
2052 2540 2099 2579 in

198 2602 334 2641 Luc-r.
366 2602 411 2641 II
443 2601 541 2652 291)
584 2599 722 2652 ‘quod
760 2599 900 2639 habet
938 2598 1086 2639 lumen
1119 2598 1329 2639 diffusum
1361 2602 1411 2637 ut
1441 2597 1511 2638 leo
1544 2598 1590 2637 in
1630 2597 1781 2648 eapite
1811 2597 1999 2637 iubam.²
2033 2595 2097 2646 (0)

199 2660 257 2698 Et
288 2657 373 2698 hoc
406 2662 451 2698 et
481 2669 676 2709 sequens
708 2656 1012 2708 fragmentum
1045 2655 1102 2695 ad
1133 2655 1319 2696 Aiacem
1350 2653 1523 2695 rettuli.
1647 2653 1711 2693 XI
1741 2653 1910 2694 Festus
1941 2666 1983 2706 p.
2015 2653 2097 2693 329

201 2716 259 2758 M.
294 2713 596 2754 ‘Salmacis
628 2713 807 2753 nomine
840 2711 1036 2764 nympha
1059 2710 1190 2751 Caeli
1223 2715 1268 2751 et
1288 2711 1454 2750 Terrae
1486 2708 1581 2749 filia
1613 2709 1760 2750 fertur
1790 2722 1928 2750 causa
1958 2709 2100 2749 fontis

200 2770 491 2810 Halicarnasi
533 2782 678 2821 aquae
719 2767 1024 2821 appellandae
1070 2768 1212 2809 fuisse
1252 2766 1549 2817 Salmacidis,
1595 2779 1729 2819 quam
1769 2766 1845 2818 qui
1883 2766 2095 2817 bibisset,

341 2941 440 2987 332
480 2939 650 3000 Fruges
703 2941 846 2985 Viteb.
886 2941 1060 2986 Drescl.
1088 2939 1223 2984 Eius.
1253 2938 1346 2983 Cic.
1458 2943 1560 2997 pate
1599 2937 1802 2982 fecerunt
1839 2938 2098 2995 dispescuit

211 3011 477 3057 Vahlenus:
517 3011 583 3069 ef.
621 3010 961 3056 Laelzmaunus
999 3011 1064 3054 cccl
1099 3009 1244 3057 Lucr.
1284 3008 1373 3054 III
1406 3008 1505 3055 906
1616 3005 1716 3053 335
1755 3008 1922 3066 iupiter
1958 3005 2094 3052 Flor.

341 3081 440 3127 336
480 3096 549 3141 sq.
603 3080 717 3126 Olim
756 3082 1108 3126 antecedentem
1146 3091 1342 3125 uersum
1380 3079 1485 3123 Aiax
1523 3080 1746 3123 uocatiuo
1785 3079 1965 3133 clausi,
2014 3077 2099 3120 sed

199 3170 246 3198 u.
287 3166 440 3211 supra
550 3152 634 3196 1100
672 3153 833 3196 addidi
938 3151 1086 3195 lumen
1125 3148 1308 3194 iubarne
1350 3150 1393 3193 in
1444 3147 1564 3193 eaelo
1604 3160 1740 3192 cerno
1780 3147 1805 3191 b
1833 3152 1877 3191 et
1902 3161 1958 3203 a,
2006 3148 2098 3190 nisi

201 3225 326 3282 quod
360 3224 423 3268 ibi
458 3226 503 3267 in
546 3222 757 3267 omnibus
781 3228 980 3278 praeter
1006 3221 1171 3265 Haun.
1213 3218 1395 3264 iubarue
1419 3221 1606 3277 legitur.
1691 3215 1869 3275 aliquod
1911 3214 2098 3274 (aliquot

202 3289 349 3351 Gotlz.)
378 3293 528 3337 lumen
555 3291 738 3336 iubarne
766 3292 808 3334 in
836 3291 955 3335 eaelo
982 3304 1116 3335 cerno
1146 3303 1171 3334 e
1210 3287 1389 3348 aliquod
1417 3287 1566 3332 lumen
1601 3287 1608 3345 Ι
1647 3311 1702 3317 —
1746 3284 1870 3329 iubar
1908 3284 2097 3329 3111105ῑῖ

204 3389 263 3394 ——-
306 3365 347 3407 in
388 3362 509 3407 03610
549 3376 682 3407 cerno
724 3367 1017 3418 anapaestos
1047 3362 1303 3418 proposuit
1356 3359 1593 3403 Vahleuus
1629 3368 1748 3400 mus.
1788 3354 1942 3400 Rhea.
1970 3355 2099 3399 XVI

202 3433 300 3478 579
447 3433 546 3478 338
587 3430 827 3476 Salmacitla
870 3430 1010 3489 spolia
1050 3430 1270 3489 Scaliyer
1306 3429 1438 3473 Lect.
1476 3428 1651 3472 Auson.
1691 3424 1720 3470 I
1756 3423 1820 3470 28
1861 3424 1927 3483 ef.
1973 3425 2095 3469 Tur-

202 3504 348 3547 nebus
373 3504 491 3547 Aclu.
520 3503 619 3547 XX
635 3501 755 3546 VIII
779 3500 842 3546 39
883 3499 1094 3544 Salmaeid
1135 3498 1304 3559 aspolla
1345 3500 1444 3544 eod.
1473 3498 1606 3542 Festi·
1641 3495 1825 3553 Salmaci
1864 3494 1915 3538 113
1953 3495 2093 3554 spolia

203 3575 340 3631 uulyo
452 3573 614 3616 sudore
655 3563 954 3631 et'sanguine
994 3570 1159 3615 Cicero
1197 3570 1412 3628 sanguine
1451 3574 1493 3612 et
1533 3566 1696 3611 sudore
1736 3566 1909 3610 Festus
