2294 3844
215 215 315 266 10ss
963 212 1024 252 M.
1056 210 1357 252 Ponvws

1027 338 1130 391 XV
1172 336 1292 409 (11)

356 441 665 508 Populoque
707 441 764 489 ut
804 438 1040 488 faustum
1081 434 1399 502 sempiterne
1441 434 1703 502 sospitent.

1011 529 1142 582 XVI
1183 527 1303 599 (16)

212 633 318 685 235
358 631 600 700 Repudio
641 628 955 697 hospitium:
997 625 1410 695 regrediundum
1451 628 1531 676 est
1571 622 1710 676 ilico.

1018 721 1177 774 XVII
1219 719 1302 791 (4)

360 823 583 875 Possum
624 823 722 890 e'go
763 821 921 872 istam
961 819 1132 886 capite
1173 816 1377 869 cladem
1417 816 1867 867 auerrunezissere.

986 912 1175 966 XVIII
1217 910 1336 982 (15)

363 1013 476 1075 Quat
518 1032 674 1082 super
713 1012 805 1063 red
845 1010 1187 1063 interfectum
1231 1006 1326 1078 [tu]
1372 1026 1484 1059 esse
1525 1007 1703 1058 dixisti
1742 1005 2074 1076 Hippotem?

1040 1104 1171 1157 XIX
1214 1102 1296 1174 (7)

362 1205 539 1274 Atque
581 1206 761 1257 eccum
800 1204 857 1255 iu
895 1203 1011 1270 ipso
1052 1202 1291 1268 tempore
1333 1202 1603 1251 ostentum
1645 1201 1845 1251 senem!

848 1297 951 1350 XX
993 1295 1156 1367 (Eun.
1196 1294 1386 1346 Medea
1427 1293 1484 1364 5)

365 1395 493 1459 Quis
533 1400 593 1448 tu
633 1415 709 1465 es,
749 1395 950 1463 mulier,
991 1394 1125 1462 quae
1165 1410 1247 1443 me
1272 1392 1482 1443 insueto
1508 1391 1833 1460 nuncupasti
1857 1392 2112 1444 nomine?

335 1562 417 1601 XV
447 1561 693 1609 Nonum,
729 1560 779 1598 19
812 1557 1197 1609 ‘sempiterne
1232 1555 1282 1593 P.
1316 1554 1451 1594 Medo
1481 1558 1572 1595 ...⁹
1621 1553 1749 1592 Idem
1781 1555 1881 1606 176,
1916 1555 1941 1594 5
1973 1557 2118 1594 ‘sos-

218 1618 419 1671 pitent,
454 1616 648 1657 saluent.
776 1615 824 1654 P.
857 1613 990 1653 Medo
1020 1643 1029 1651 .
1049 1642 1058 1652 .
1079 1615 1112 1652 .’
1229 1610 1335 1650 XVI
1366 1610 1479 1654 Non.
1503 1612 1599 1661 325,
1634 1612 1654 1649 1
1690 1609 1854 1650 ‘ilico
1888 1609 2119 1662 significat

219 1675 393 1724 statim,
427 1686 542 1712 mox.
592 1673 641 1711 Ρ.
662 1671 796 1711 Medo
827 1701 864 1711 ..
885 1673 920 1711 .’
1037 1668 1168 1708 XVII
1198 1666 1311 1710 Non.
1337 1668 1404 1719 74,
1436 1668 1487 1707 25
1521 1667 1956 1718 ‘aben-uncam,
1989 1679 2119 1706 auer—

217 1736 314 1770 tere
441 1729 671 1769 Pacuuius
694 1727 827 1767 Medo
857 1729 949 1767 ...²
984 1723 1383 1776 (auerruncare
1418 1727 1671 1763 euertere
1693 1722 1872 1772 Bamb.)
1962 1722 2118 1764 XVIII

218 1788 383 1827 Festus
415 1799 456 1838 p.
492 1788 573 1826 305
605 1786 664 1825 M.
699 1789 898 1835 ‘super
929 1804 976 1810 --
1013 1803 1066 1809 —-
1099 1782 1279 1832 ponitur
1312 1780 1451 1819 etiam
1483 1792 1562 1832 pro
1595 1779 1673 1830 de,
1716 1779 1891 1819 Graeca
1931 1792 2119 1820 consue-

219 1843 402 1889 tudine,
434 1847 485 1881 ut.
516 1841 586 1881 illi
617 1841 773 1881 dicunt
805 1834 925 1890 ὑπὲρ
946 1858 1000 1867 —-
1021 1859 1074 1865 —
1096 1838 1146 1876 P.
1169 1837 1215 1875 in
1237 1835 1389 1875 Medo:
1423 1839 1535 1887 qua’
1562 1848 1599 1878 e.
1623 1848 1662 1888 q.
1686 1847 1720 1874 s.
1810 1834 1918 1874 XIX
1947 1835 2118 1876 Festus

219 1914 261 1951 p.
295 1901 375 1939 194
407 1899 465 1942 M.
501 1901 808 1938 ‘ostentum
841 1909 930 1936 non
962 1894 1105 1935 solum
1144 1906 1223 1945 pro
1254 1896 1466 1945 portento
1498 1892 1605 1945 poni
1645 1891 1814 1941 solere,
1857 1891 1937 1931 sed
1977 1892 2118 1932 etiam

220 1955 575 2007 participialiter
604 1984 838 1995 .........
866 1951 1125 1992 testimonio
1158 1953 1228 1989 est
1258 1949 1305 1991 P.
1339 1950 1386 1987 in
1417 1948 1576 1988 Medo:
1610 1951 1775 2000 atque’
1809 1961 1845 1987 e.
1878 1960 1918 1999 q.
1949 1960 1985 1987 s.

220 2011 304 2051 XX
336 2012 476 2051 Varro
509 2011 563 2050 de
595 2011 625 2051 l.
658 2011 709 2050 L.
740 2011 802 2050 VI
833 2011 887 2050 60
918 2008 976 2046 Μ.
1013 2011 1362 2058 ‘nuncupare
1395 2005 1627 2044 nominare
1658 2003 1816 2044 ualere
1847 2008 2043 2056 apparet
2073 2004 2120 2044 in

217 2068 398 2120 legibus
428 2098 464 2108 ..
485 2099 493 2108 .
522 2067 626 2106 item
658 2068 704 2106 in
737 2066 871 2106 choro
904 2066 950 2104 in
983 2076 1066 2117 quo
1101 2068 1169 2103 est
1205 2093 1214 2102 .
1241 2092 1250 2102 .
1277 2093 1286 2102 .
1317 2062 1427 2100 item
1459 2062 1505 2100 in
1535 2060 1736 2100 Medio:
1771 2060 1900 2112 quis'
1934 2073 1973 2100 e.
2006 2073 2047 2112 q.
2083 2073 2117 2101 S.

221 2123 395 2176 (deficit
415 2123 552 2164 Laur.
581 2126 650 2171 51,
683 2123 750 2172 10)
774 2120 1018 2162 Diomedes
1040 2119 1085 2158 II
1107 2133 1150 2171 p.
1171 2120 1254 2159 449
1276 2118 1325 2157 Ρ.
1360 2119 1481 2169 ‘quis
1504 2116 1679 2166 mulier,
1715 2129 1815 2156 cum
1837 2116 1928 2156 dici
1953 2117 2121 2157 debeat.

221 2193 334 2232 quae
368 2180 543 2229 mulier,
578 2179 697 2232 apud
728 2180 1000 2219 Pacuuium:
1040 2177 1163 2229 quis’
1190 2189 1226 2215 e.
1250 2187 1288 2226 q.
1315 2186 1349 2214 s.
1386 2178 1492 2226 ‘pro
1527 2186 1657 2226 quae.
1692 2172 1989 2214 masculinum
2020 2173 2120 2225 quis

220 2250 299 2289 pro
333 2237 550 2276 feminino
582 2236 769 2288 posuit.’
804 2234 1128 2282 (Pacuuium
1159 2232 1264 2274 Par.
1287 2232 1340 2281 B,
1373 2231 1675 2270 Lauantinus.
1707 2229 1924 2269 cuuium
1954 2229 2057 2269 Par.
2082 2231 2118 2270 B

224 2294 400 2333 cuium
422 2295 599 2333 Monac.
625 2293 856 2332 Ennium
882 2286 1007 2342 edd.)
1041 2288 1274 2329 Charisius
1297 2287 1357 2326 IV
1379 2299 1420 2339 p.
1445 2288 1526 2326 240
1549 2287 1598 2326 Ρ.
1632 2285 1946 2326 ‘soloecismus
1968 2283 2017 2324 fit
2046 2316 2055 2326 .
2073 2317 2082 2326 .
2103 2316 2112 2324 .

223 2350 582 2402 pronominibus,
615 2356 685 2388 ut:
727 2349 847 2400 quis
878 2351 935 2386 tu
967 2358 1023 2385 es
1061 2344 1290 2384 mulier?
1325 2356 1404 2395 pro
1439 2344 1590 2394 quae.’
1635 2337 1820 2394 [Sergii]
1856 2341 2038 2394 explan.
2071 2343 2119 2381 in

222 2408 390 2446 Donat.
422 2405 468 2445 11
508 2405 709 2458 (gramm.
750 2406 876 2445 Latt.
912 2401 1051 2442 Keilii
1083 2400 1171 2441 uol.
1205 2400 1269 2440 IV
1306 2413 1348 2452 p.
1380 2397 1480 2451 563)
1522 2397 1843 2438 ‘soloecismus
1882 2428 1892 2438 .
1919 2428 1927 2436 .
1955 2429 1964 2438 .
1991 2428 2001 2438 .
2040 2410 2120 2450 per

223 2475 391 2514 genera
527 2461 645 2513 apud
677 2460 946 2500 Pacuuium:
981 2458 1105 2510 quis’
1138 2469 1172 2496 e.
1206 2469 1247 2509 q.
1280 2469 1315 2496 s.
1368 2456 1610 2508 Pompeius
1643 2457 1878 2495 comment.
1911 2455 1958 2493 in
1981 2453 2122 2494 Keilii

222 2531 408 2570 gramm.
441 2519 566 2557 Latt.
603 2517 694 2557 uol.
727 2517 765 2554 V
797 2530 840 2569 p.
874 2517 955 2556 206
995 2513 1143 2566 ‘apud
1182 2513 1379 2552 maiores
1419 2514 1598 2551 nostros
1637 2509 1956 2549 indifferenter
1994 2511 2121 2550 inue-

222 2576 368 2614 nimus
399 2574 483 2614 hoc
515 2585 781 2626 pronomen,
816 2575 861 2612 et
893 2571 991 2623 quis
1023 2571 1094 2609 uir
1124 2573 1166 2609 et
1198 2570 1298 2621 quis
1329 2568 1490 2607 mulier
1519 2597 1527 2606 .
1555 2598 1564 2606 .
1589 2597 1599 2607 .
1640 2571 1709 2606 est
1741 2569 1890 2606 autem
1923 2567 2041 2606 ratio
2075 2570 2121 2606 et:

223 2631 348 2680 origo
386 2631 516 2669 huius
557 2629 834 2682 pronominis
874 2641 900 2667 a
938 2627 1114 2667 Graeco
1154 2656 1163 2666 .
1189 2656 1198 2664 .
1225 2655 1234 2664 .
1273 2623 1345 2671 τίς
1385 2629 1536 2664 autem
1580 2622 1701 2675 apud
1732 2621 1836 2662 illos
1873 2626 1968 2662 tam
2007 2634 2123 2662 mas-

227 2687 369 2726 culini
407 2688 588 2738 generis
629 2690 699 2726 est
739 2698 873 2738 quam
919 2683 1140 2724 feminini.
1206 2694 1312 2733 ergo
1350 2711 1360 2721 .
1388 2712 1397 2721 .
1425 2711 1434 2721 .
1479 2682 1780 2720 seruauerunt
1810 2679 1947 2718 etiam
1978 2691 2121 2731 genus

226 2743 426 2794 antiqui,
466 2747 516 2781 ut
550 2745 638 2782 est:
682 2743 802 2794 quis
835 2746 891 2780 tu
933 2752 988 2781 es
1020 2738 1235 2785 mulier,
1278 2738 1369 2790 qui
1409 2749 1485 2776 me
1517 2736 1616 2777 hoc
1649 2735 1998 2787 nuncupasti
2027 2747 2122 2775 no-

364 2928 464 2973 ‘234
502 2928 760 2987 populoque
802 2934 848 2971 ut
872 2928 985 2972 libri
1015 2939 1064 2983 p.
1098 2925 1222 2981 170,
1261 2927 1355 2968 nisi
1390 2924 1516 2983 quod
1538 2924 1711 2967 litteris
1737 2934 1794 2980 po
1824 2923 2120 2978 compunctis
2166 2976 2172 2981 Ι

240 2999 300 3041 W
331 2998 499 3057 populo
540 2999 614 3056 qui
650 2999 760 3042 libri
792 3012 839 3054 p.
871 2997 967 3042 176
1114 2995 1212 3041 235
1254 2995 1497 3054 hospitium
1537 2991 1789 3036 Heinsius.-
1829 2990 1896 3048 cf.
1937 2989 2037 3036 232
2078 2996 2122 3035 et

226 3070 390 3114 Plauti
427 3069 551 3112 Rud.
592 3067 691 3113 883
731 3068 975 3126 auspicium
1013 3067 1124 3112 libri
1241 3064 1340 3111 236
1379 3064 1545 3123 possim
1599 3063 1755 3107 Vrbin.
1786 3060 1884 3107 307
1994 3061 2122 3104 istam
2182 3090 2186 3095 -

228 3133 394 3199 capite]
435 3142 574 3182 istanc
613 3152 634 3181 a
674 3144 716 3180 te
754 3137 942 3195 Lipsius
968 3136 1076 3181 Anl.
1104 3136 1230 3181 Lect.
1274 3135 1310 3179 V
1337 3134 1399 3179 14
1522 3132 1620 3178 237
1660 3130 1739 3176 red
1776 3144 1904 3175 nunc
1931 3132 2120 3187 scripsi.

229 3224 276 3254 rc
316 3211 419 3254 eod.
552 3215 599 3251 tu
638 3211 820 3252 inserui
951 3206 1186 3265 Hippotem
1225 3205 1372 3249 dixisti
1412 3204 1530 3254 cod„
1573 3214 1696 3261 quae
1734 3213 1862 3246 nunc
1902 3206 2121 3257 transpo-

229 3282 328 3324 sui.-
375 3282 479 3324 olim
517 3278 623 3322 dixti
662 3277 899 3336 Hippotem
940 3279 1168 3320 erelicum
1206 3280 1531 3321 tetrametrum
1567 3274 1709 3330 finire
1747 3272 1888 3315 uolui.
1949 3270 2121 3315 Iambi-

229 3364 332 3394 eum
371 3352 612 3394 senarium
659 3361 743 3406 qua
791 3346 926 3406 super
973 3360 1019 3390 re
1056 3346 1343 3391 intersectum
1392 3356 1490 3386 csse
1528 3342 1680 3386 dixisti
1720 3339 1958 3398 Hippotem
1999 3353 2120 3384 com-

231 3421 466 3464 mendauit
491 3419 544 3463 L.
572 3419 778 3463 Mueller
815 3419 871 3462 cle
910 3429 963 3460 re
1001 3431 1058 3459 m.
1086 3415 1203 3459 422.
1321 3412 1419 3458 239
1460 3411 1662 3470 quisquis
1701 3410 1884 3454 Nonius
1921 3411 2121 3468 quisnam

230 3490 410 3534 Iuliani
446 3503 551 3534 exe.
662 3494 710 3531 tu
750 3493 774 3532 e
811 3488 1008 3544 Pompei
1039 3486 1158 3530 Par.
1189 3484 1226 3528 C
1259 3497 1305 3528 es
1347 3489 1392 3526 tu
1419 3483 1598 3527 Iuliani
1634 3493 1740 3525 exc.
1850 3479 2010 3524 mulier
2048 3480 2124 3538 qui

232 3573 300 3603 uie
326 3560 573 3604 Diomedes
610 3559 685 3617 qui
723 3557 883 3602 mulier
921 3570 990 3601 mc
1029 3556 1114 3600 hoc
1139 3555 1333 3612 Pompei
1370 3552 1604 3611 Wolfenb.
1634 3551 1817 3596 Pariss.
1846 3549 1932 3595 BC
1965 3549 2123 3594 mulier
