2294 3844
917 262 977 304 M.
1011 261 1312 303 PACVVIVS
2001 262 2068 313 83

992 389 1072 440 ΙΙΙ
1116 388 1236 460 (22)

318 499 559 571 [Tamen]
604 502 701 553 etsi
743 504 921 552 metuo
963 499 1106 568 picta
1149 502 1212 552 (le
1254 502 1395 569 palla't
1437 502 1651 569 plagam

1019 641 1096 693 IV
1139 640 1220 711 (3)

313 752 544 804 Gradere
585 754 743 821 :itque
785 756 1018 804 atrocem
1060 755 1241 804 coerce
1283 753 1683 805 confidentiam!

1012 894 1060 946 V
1103 892 1223 963 (24)

316 1047 326 1056 .
368 1046 377 1055 .
420 1047 429 1055 .
472 1047 481 1055 .
522 1006 815 1056 extremum
855 1005 997 1056 intra
1039 1005 1326 1056 caluterem
1365 1004 1540 1072 ipsum
1582 1006 1902 1073 praegradat

315 1100 795 1170 Parthenopaeum.

204 1283 274 1334 50
372 1330 414 1345 .,
722 1331 730 1339 .
808 1331 817 1339 .
1020 1219 1067 1273 V
1118 1217 1160 1339 .(
1201 1227 1221 1290 )
1614 1332 1622 1340 .
1699 1334 1714 1347 ,
1790 1333 1798 1341 .

203 1357 267 1408 51
314 1329 474 1382 V1am
517 1334 961 1417 quammmfflstam
1003 1331 1188 1382 dulnto
1231 1335 1323 1382 aut
1363 1331 1502 1399 quod
1546 1333 1893 1399 prnnordlum

316 1425 596 1494 Capsssam
638 1427 703 1478 ad
746 1427 964 1496 stirpem
1005 1425 1390 1496 exquirendum
1432 1469 1647 1479 .....

313 1678 455 1740 Quas
494 1679 768 1731 famulitas
809 1677 892 1730 uss
933 1682 1142 1748 egestas
1182 1680 1327 1730 fama
1366 1680 1595 1731 formido
1639 1700 1806 1748 pauor

317 1929 449 1981 Hizit
489 1931 738 1999 sollicita,
779 1930 954 1982 studio
997 1931 1305 1999 obstupida,
1346 1936 1605 2000 suspensa.
1645 1933 1824 1984 animo
1866 1931 2071 1985 ciuitas.

281 2100 347 2140 111
382 2099 493 2139 Non.
525 2102 630 2150 378,
660 2101 684 2139 6
718 2099 912 2153 ‘plaga
944 2101 1192 2153 aliquando
1224 2114 1332 2154 pars
1361 2102 1493 2151 lecti,
1536 2103 1783 2155 aliquando
1815 2104 1971 2144 omnis.
2021 2105 2071 2143 P.

165 2155 387 2196 Atalanta
422 2186 432 2197 .
458 2187 467 2195 .
493 2186 503 2196 .
541 2160 592 2195 ut
629 2158 690 2196 sit
726 2156 864 2208 plaga
893 2168 1034 2208 Qquem
1076 2170 1196 2197 nunc
1236 2158 1424 2198 dicimus
1464 2158 1656 2199 clauum.
1710 2161 1853 2199 Varro
1893 2161 2072 2200 Prome-

166 2212 296 2252 theo:
339 2213 549 2254 eburneis
587 2212 721 2252 lectis
761 2217 808 2252 et
837 2212 985 2265 plagis
1017 2213 1248 2266 sigillatis.
1293 2215 1530 2255 Afranius:
1562 2215 1712 2268 palam
1755 2215 1878 2254 facto
1913 2216 2072 2255 demea

167 2272 214 2308 et
253 2268 482 2321 plagulam
522 2268 576 2308 de
617 2269 738 2309 lecto
777 2269 910 2322 pellis
950 2270 1129 2310 dimitte
1169 2271 1215 2309 in
1255 2270 1444 2313 ordine)
1630 2273 1692 2313 IV
1729 2271 1843 2311 Non.
1878 2274 1977 2318 ⁶262,
2023 2275 2072 2312 10

166 2325 557 2366 ‘confidentia
588 2338 764 2365 rursum
797 2328 1057 2378 temeritas,
1092 2327 1301 2367 andacia.
1350 2328 1398 2369 P.
1431 2328 1477 2367 in
1513 2327 1764 2367 Athalanta
1795 2359 1802 2366 .
1830 2359 1838 2367 .
1866 2331 1901 2367 ‚²

278 2382 316 2421 V
346 2382 460 2425 Non.
493 2383 568 2431 65,
604 2383 623 2421 1
659 2379 1120 2436 ‘[praegradat‚]
1163 2383 1504 2436 praegreditur,
1539 2385 1799 2424 anteuenit:
1843 2385 2011 2423 (lictum
2047 2399 2073 2424 a

171 2437 333 2490 gradu.
393 2438 626 2478 Pacuuius
657 2438 925 2479 Tantalo:
964 2443 1237 2480 extremum'
1272 2453 1309 2480 e.
1344 2453 1384 2492 q.
1418 2454 1450 2481 s.
1512 2440 1807 2491 (Atalanta
1842 2441 2014 2490 Iunius)

281 2494 343 2533 VI
376 2495 490 2535 Non.
522 2496 625 2544 226,
666 2496 720 2536 32
761 2495 1021 2548 ‘stirpem
1060 2527 1068 2534 .
1095 2527 1104 2536 .
1133 2528 1141 2537 .
1179 2497 1433 2537 masculino
1471 2528 1480 2537 .
1508 2529 1515 2536 .
1543 2529 1551 2536 .
1596 2499 1645 2537 P.
1675 2497 1922 2536 Athalanta
1962 2528 1970 2536 .
1999 2528 2006 2536 .
2035 2501 2070 2535 .’

278 2550 366 2590 VII
398 2551 511 2593 Non.
545 2553 645 2601 109,
678 2553 732 2592 28
764 2551 1090 2592 ‘famulitas
1124 2557 1194 2592 est
1225 2554 1424 2593 seruitus
1455 2557 1545 2594 ...²
1684 2553 1793 2594 VIII
1825 2553 1938 2593 Non.
1971 2555 2069 2603 429,

164 2608 189 2647 5
228 2607 373 2647 ‘inter
403 2608 559 2648 urbem
599 2610 645 2647 et
678 2608 911 2648 ciuitatem
945 2609 1030 2649 hoc
1061 2610 1273 2650 interest:
1313 2611 1440 2650 urbs
1473 2616 1543 2650 est
1583 2609 1815 2658 aedificia,
1857 2611 2071 2650 ciuitas

165 2663 346 2704 incolae
386 2694 395 2704 .
420 2693 430 2704 .
459 2695 466 2703 .
503 2665 554 2704 P.
586 2663 836 2704 Athalanta
865 2696 874 2704 .
901 2697 910 2705 .
938 2664 970 2705 .'

305 2840 373 2887 46
413 2843 496 2885 etsi
537 2849 687 2886 metuo
727 2843 842 2901 picta
891 2842 945 2886 «le
994 2843 1122 2903 plaga
1166 2843 1324 2902 pallam
1359 2845 1496 2902 libri,
1545 2845 1759 2903 defendit
1799 2846 2069 2889 Palmerius

167 2911 389 2970 Spieiley.
431 2927 512 2970 ap.
555 2913 689 2957 Grul.
731 2913 812 2957 IV
847 2911 946 2958 782
1073 2914 1221 2973 pluma
1259 2913 1434 2974 plagam
1474 2917 1580 2960 olim
1619 2919 1911 2973 scripseram

165 2982 231 3026 47
271 2994 429 3026 coerce
466 2984 637 3028 Aldina
677 2996 885 3028 coercere
922 2985 1036 3029 libri
1157 2983 1223 3029 48
1263 2991 1456 3030 caterem
1496 2985 1556 3029 W
1588 2992 1856 3045 campterem
1884 2986 2066 3041 Iunius,

172 3051 421 3097 Turnebus
459 3054 580 3098 Adu.
629 3053 809 3097 XXIX
845 3053 907 3098 19
956 3067 1185 3100 cancerem
1228 3069 1311 3100 ms.
1354 3056 1504 3111 Iunii,
1546 3057 1670 3101 unde
1708 3057 1810 3100 liic,-
1848 3069 2066 3100 carcerem

306 3121 372 3167 49
411 3122 795 3182 Parthenopaeum
830 3123 1050 3184 Scaliqer
1076 3124 1202 3170 Cani.
1237 3140 1287 3183 p.
1321 3125 1379 3170 11
1420 3125 1771 3170 Parthenoreum
1807 3127 1930 3171 libri.
1996 3127 2068 3170 An

167 3190 528 3252 Parthenopaeus
569 3200 613 3238 et
651 3209 697 3238 u.
739 3196 1044 3239 antecedenti
1077 3196 1245 3255 ipsam?
1399 3196 1467 3242 50
1503 3195 1659 3241 dubito
1699 3210 1829 3256 quam
1868 3197 2065 3240 insistam

169 3261 286 3305 uiam
322 3264 451 3319 libri,
502 3278 644 3322 quam
693 3266 775 3322 qui
820 3266 1087 3310 clausulam
1125 3279 1299 3312 uersus
1331 3267 1533 3325 feeerit,
1586 3283 1614 3311 α
1661 3269 1900 3325 sequentis
1936 3268 2067 3309 inilia

168 3336 266 3376 tres
302 3333 481 3378 iambos
517 3335 683 3379 deesse
720 3339 919 3390 statuet,
968 3338 1061 3380 nisi
1105 3337 1192 3381 lios
1229 3342 1458 3382 accentus
1496 3343 1572 3381 aut
1619 3335 1737 3395 quod
1775 3333 2067 3394 primordium

169 3413 206 3445 e.
245 3416 289 3460 q.
330 3416 368 3447 s.
400 3404 702 3460 probauerit.
851 3404 915 3449 52
955 3405 1009 3449 ad
1046 3406 1218 3450 Aldina
1269 3421 1290 3450 a
1327 3408 1440 3452 libri
1579 3404 1898 3464 exquirendum
1940 3403 2064 3449 Ben-

169 3473 295 3516 tinus
332 3474 638 3532 exquirentem
676 3475 788 3519 libri
929 3475 994 3524 53
1035 3475 1226 3521 formido
1266 3476 1413 3535 pudor
1449 3476 1596 3531 Leid.‚
1636 3476 1763 3534 quod
1790 3480 1949 3531 potest
1986 3487 2066 3519 ue-

168 3554 273 3585 rum
300 3553 402 3586 esse
511 3543 577 3588 54
616 3543 710 3588 hiat
735 3547 812 3589 uel
838 3540 952 3606 hiat]
995 3545 1056 3590 hil
1079 3547 1192 3591 libri
1226 3546 1288 3590 nil
1313 3547 1485 3592 Iunius
1508 3549 1555 3590 in
1584 3559 1672 3604 my.
1714 3557 1834 3588 nunc
1862 3544 2067 3589 Bothius

159 3608 199 3652 '2
317 3624 532 3670 suspensa
569 3613 671 3659 Iac.
704 3614 901 3673 Maelzly
938 3630 1051 3660 ann.
1081 3617 1269 3674 philoll.
1314 3615 1446 3661 1857
1483 3630 1532 3673 p.
1564 3614 1663 3660 286
1701 3627 1921 3673 suspenso
1957 3615 2070 3659 libri

1654 3708 1712 3750 6*
