2294 3844
175 215 241 265 55
973 208 1026 256 Q.
1061 203 1281 244 ENvas

1014 333 1093 385 VI
1135 331 1220 402 (6)

321 425 563 489 Eandem
603 454 685 486 me
726 434 782 485 in
824 429 1182 500 suspicionem
1222 428 1430 481 sceleris
1471 423 1695 495 partiul't
1734 427 1898 493 pater.

1006 525 1113 578 VII
1154 522 1237 595 (5)

328 627 464 679 Dein
509 628 647 678 senis
689 645 770 677 me
811 626 983 676 facere
1024 623 1218 692 pietaS,
1258 619 1454 672 ciuium
1494 618 1678 687 porcet
1717 616 1901 685 pudor,

995 718 1130 771 VIII
1171 715 1254 787 (4)

328 820 500 871 Strata
553 822 724 869 terrae
779 818 957 868 lii-uere
1011 814 1262 867 lacrumis
1318 814 1523 864 uestem
1571 810 1812 878 squalam
1868 811 1921 860 et
1969 809 2077 860 sor-

1315 908 1492 960 didam

1032 1006 1109 1059 IX
1152 1004 1235 1075 (7)

326 1106 671 1158 ‘Abnuebunt

940 1204 1321 1259 TELEPHVS

1056 1303 1080 1353 I
1148 1302 1178 1354 8

179 1406 285 1455 28ιό
326 1403 575 1471 Regnum
615 1401 803 1469 reliqui
845 1402 1059 1468 saeptus
1099 1300 1334 1450 nheiulici
1372 1398 1522 1449 stola.

1043 1495 1097 1547 Π
1139 1492 1222 1565 (4)

328 1596 511 1647 Palam
553 1593 743 1645 mutire
784 1592 990 1661 plebeio
1032 1592 1302 1661 piaculum
1343 1592 1436 1642 est.

1030 1687 1111 1739 III
1153 1685 1237 1758 (7)

331 1789 557 1840 (faedeni
599 1806 760 1839 caueo
806 1782 945 1856 [hoc]
989 1789 1109 1837 cuin
1149 1785 1370 1853 uestitu,
1412 1784 1649 1852 squalida
1694 1787 1910 1851 saeptus
1937 1784 2089 1835 stola.

296 1952 355 1990 VI
387 1951 500 1990 Non.
523 1951 620 1999 475,
643 1950 694 1989 25
728 1948 1004 2001 ‘partiret
1037 1960 1114 1999 pro
1146 1947 1395 1999 partiretur
1425 1978 1433 1986 .
1453 1978 1461 1986 .
1480 1978 1490 1987 .
1522 1947 1696 1986 Ennius
1719 1946 1969 1987 Telamone
1997 1977 2006 1986 .
2025 1978 2034 1988 .
2054 1951 2088 1988 .’

299 2007 383 2047 vn
415 2007 530 2048 Non.
566 2007 666 2056 160,
698 2007 724 2045 4
764 2008 986 2057 ‘porcet
1025 2003 1257 2056 significat
1288 2003 1502 2056 prohibet
1533 2034 1541 2042 .
1561 2034 1597 2044 ..
1635 2004 1813 2043 Ennius
1843 2003 2089 2044 Telamone

192 2098 197 2105 .
420 2064 530 2104 VIII
568 2062 683 2102 Non.
730 2063 830 2112 172,
872 2063 925 2101 20
965 2060 1243 2113 ‘squalam
1289 2073 1369 2113 pro
1411 2059 1697 2112 squalidam.’
1764 2060 1889 2100 Idem
1919 2062 2026 2110 504,
2065 2063 2091 2101 3

188 2122 410 2161 ‘lauere
443 2119 546 2159 inde
580 2122 776 2158 tractum
810 2121 917 2161 est.’
1033 2117 1098 2157 IX
1130 2117 1375 2157 Diomedes
1405 2118 1427 2157 I
1459 2130 1501 2169 p.
1533 2118 1616 2157 378
1648 2117 1696 2156 P.
1757 2119 1938 2156 ‘uerum
1969 2117 2089 2169 apud

185 2182 365 2218 ueteres
397 2185 442 2216 et
474 2177 691 2216 abnueo
725 2175 894 2214 dictum
917 2179 1211 2225 annotamus,
1243 2177 1294 2213 ut
1318 2174 1493 2213 Ennius
1515 2177 1678 2213 octauo
1703 2172 1959 2213 annaliumz
1995 2187 2090 2213 cer-

184 2241 283 2274 tare
316 2234 522 2273 abnueo'
557 2245 593 2271 e.
628 2245 666 2283 q.
700 2245 733 2274 s.
784 2232 920 2271 ‘item
961 2232 1008 2270 in
1040 2229 1290 2270 Telamone
1321 2243 1377 2270 ex
1409 2243 1461 2270 eo
1494 2229 1694 2269 futurum
1728 2230 2090 2272 abnuebant)

302 2289 516 2330 Eiusdem
557 2288 744 2328 fabulae
787 2291 857 2327 est
895 2288 982 2328 inc.
1017 2288 1106 2327 inc.
1141 2286 1234 2329 fab.
1267 2288 1406 2336 XLV,
1449 2286 1646 2326 fortasse
1678 2286 1818 2327 etiam
1850 2288 1940 2326 inc.
1973 2299 2090 2326 nom.

191 2346 363 2386 XXVII
393 2350 440 2386 et
472 2344 617 2386 LXII.

298 2403 549 2442 Tansspnvs
582 2401 714 2441 immo
736 2401 951 2440 TELEva
974 2401 995 2440 I
1017 2399 1130 2439 Non.
1154 2400 1248 2446 537,
1272 2401 1325 2439 25
1359 2398 1591 2439 ‘stolam
1622 2402 1807 2439 ueteres
1837 2411 1925 2439 non
1954 2398 2091 2439 hone-

187 2464 299 2498 stam
341 2463 518 2498 uestem
558 2457 723 2504 solum,
764 2457 843 2497 sed
884 2457 1022 2496 etiam
1063 2468 1260 2504 omnem,
1303 2468 1420 2507 quae
1460 2467 1624 2507 corpus
1663 2459 1857 2507 tegeret.
1917 2456 2093 2495 Ennius

186 2515 342 2554 Telefo
376 2512 478 2565 [ΙΙΙ]
518 2514 637 2552 idem
677 2514 724 2552 in
764 2512 947 2553 eadem:
979 2514 1191 2564 regnum’
1234 2525 1271 2553 e.
1311 2524 1354 2563 q.
1389 2525 1423 2552 s.
1542 2512 1587 2552 II
1629 2512 1795 2552 Festus
1835 2525 1878 2563 p.
1912 2513 1992 2552 145
2031 2512 2089 2555 Μ,

189 2572 437 2620 ‘mutii-e,
479 2570 613 2622 loqui.
663 2569 839 2608 Ennius
877 2570 924 2608 in
965 2568 1166 2621 Telepho
1197 2599 1206 2609 .
1233 2567 1301 2609 ..'
1353 2567 1525 2607 Paulus
1564 2581 1604 2619 p.
1641 2569 1718 2608 144
1748 2567 1808 2609 Μ.
1841 2569 2090 2614 ‘mutire‚

188 2628 325 2679 loqui.
377 2627 550 2666 Ennius
581 2657 617 2666 ..
662 2625 944 2665 ’Phaedrus
968 2625 1037 2666 ΙΙΙ
1070 2625 1174 2677 epil.
1199 2625 1298 2665 34<
1313 2638 1397 2677 ego
1430 2623 1657 2676 quondam
1689 2624 1781 2676 legi
1814 2637 1947 2689 quam
1980 2638 2091 2676 puer

189 2684 465 2723 sententiam
497 2682 689 2722 Palam
718 2712 728 2722 .
754 2713 763 2722 .
789 2713 798 2722 .
830 2687 933 2730 est,
967 2682 1083 2721 Dum
1117 2681 1290 2721 sanitas
1324 2681 1556 2721 constabit
1588 2681 1775 2743 pulchre
1808 2682 2089 2721 meminero)

191 2739 396 2779 Contulit
426 2740 482 2777 W
488 2739 698 2779 elckerus
731 2751 784 2778 ex
818 2738 1051 2790 Emipidis
1072 2737 1290 2803 Telepho
1320 2737 1373 2777 fr.
1399 2739 1475 2778 701
1499 2737 1551 2777 N.
1584 2730 1649 2789 μή
1681 2750 1762 2787 μοι
1793 2729 2088 2799 φθονήσητ’,

187 2788 359 2847 ἄνδρες
383 2789 619 2848 Ελλήνων
651 2787 806 2846 α’κροι,
840 2791 901 2835 Εἰ
931 2787 1113 2847 πτωχὸς
1144 2784 1209 2833 ὠν
1241 2786 1427 2846 τέτληκ’
1462 2787 1512 2834 ἐν
1545 2778 1793 2834 ἐσθλοῖσιν
1825 2785 1994 2846 λέγειν.

302 2853 367 2891 ΙΙΙ
401 2852 513 2892 Non.
549 2854 643 2898 537,
677 2854 730 2892 25
763 2851 838 2902 (cf.
871 2851 909 2903 Ι)
942 2852 1106 2891 Festus
1146 2864 1188 2903 p
1222 2852 1303 2892 329
1335 2853 1394 2892 Μ.
1429 2848 1733 2903 ‘[squalidum
1764 2847 2003 2903 inqultum
2043 2853 2089 2890 et

297 2999 393 3045 281
425 3001 467 3044 in
497 3015 563 3044 nie
589 3001 750 3045 Delrio
863 2999 961 3046 282
990 3000 1089 3044 dein
1119 3001 1234 3043 senis
1264 3014 1332 3043 1110
1359 3001 1671 3044 Hermannus
1708 2996 1840 3043 deum
1862 3012 1936 3043 me
1954 2999 2093 3043 sentit

189 3072 318 3126 libri,
362 3073 499 3115 eliam
528 3071 714 3126 Bamb„
755 3071 881 3130 quod
919 3073 1005 3116 zcioe
1040 3070 1276 3128 defendas
1314 3071 1676 3128 interpretando
1716 3067 1963 3114 ‘stimulat’
2006 3065 2090 3128 (cf.

191 3142 355 3185 I’lazcli
381 3140 514 3198 Capi.
544 3140 661 3197 860)
689 3140 820 3185 deum
848 3154 917 3186 ine
943 3139 1140 3185 incendit
1166 3141 1354 3198 Lipsius
1382 3140 1535 3198 Epist.
1566 3144 1748 3199 quaesi.
1768 3139 1799 3184 I
1812 3139 1847 3184 V
1872 3138 1931 3184 19
1960 3138 2091 3183 deum

189 3225 255 3255 ine
295 3212 431 3255 sancii
474 3211 713 3270 Bergk-ius
745 3214 775 3256 l.
805 3214 835 3256 l.
877 3210 1006 3255 (lcum
1047 3209 1246 3254 defendit
1273 3211 1358 3255 Ad.
1391 3210 1722 3269 Kiesslinyizis.
1763 3208 1835 3253 An
1875 3207 1977 3253 dein
2015 3221 2084 3252 nie

190 3282 380 3325 scnieis?
535 3280 632 3327 283
683 3287 773 3325 trac
821 3294 1072 3339 suprascr.
1112 3294 1160 3324 er
1195 3280 1324 3331 Leicl,
1358 3295 1408 3338 p.
1450 3279 1548 3324 172
1600 3286 1715 3324 terra
1752 3279 1918 3323 Bamb.
1958 3278 2089 3323 Laid.

188 3366 236 3408 [i.
266 3350 383 3407 504,
425 3350 730 3396 Hermanmcs
839 3350 987 3395 labere
1023 3351 1134 3395 libri
1166 3365 1214 3408 p.
1245 3350 1345 3397 504
1454 3349 1642 3394 lacrimis
1680 3349 1793 3394 libri
1823 3363 1874 3406 p.
1910 3348 2008 3393 172

192 3420 388 3479 squalen]
429 3422 486 3464 W
512 3436 566 3479 p.
598 3421 695 3466 172
734 3420 979 3480 squalidam
1016 3421 1127 3465 libri
1159 3435 1208 3478 p.
1239 3419 1340 3467 504
1472 3418 1571 3465 284
1611 3417 1863 3463 abnuebant
1899 3419 2017 3462 Par.

195 3490 293 3536 285
333 3498 488 3549 sepius
526 3493 636 3536 libri
748 3490 936 3536 mendici
974 3490 1256 3547 Leoparclecs
1296 3491 1491 3535 Emencl.
1536 3489 1658 3535 VIII
1682 3488 1745 3532 24
1785 3487 1941 3533 medici
1982 3489 2094 3534 libri

336 3560 432 3605 286
474 3560 646 3619 plebeio
699 3569 766 3606 est
812 3559 1031 3620 piaculum
1072 3562 1335 3619 eleyccnciics
1367 3561 1592 3618 futurum
1629 3571 1732 3604 esse
1769 3564 1924 3604 monet
1962 3559 2088 3604 Her-
