<?xml version="1.0" encoding="UTF-8"?>
<!DOCTYPE html PUBLIC "-//W3C//DTD XHTML 1.0 Transitional//EN"
    "http://www.w3.org/TR/xhtml1/DTD/xhtml1-transitional.dtd">
<html xmlns="http://www.w3.org/1999/xhtml" xml:lang="en" lang="en">
 <head>
  <title>
</title>
<meta http-equiv="Content-Type" content="text/html;charset=utf-8" />
  <meta name='ocr-system' content='tesseract 3.04.00' />
  <meta name='ocr-capabilities' content='ocr_page ocr_carea ocr_par ocr_line ocrx_word'/>
</head>
<body>
  <div class='ocr_page' id='page_1' title='image "./scaenicaeromano01ribbuoft_0303.png"; bbox 0 0 2294 3844; ppageno 0'>
   <div class='ocr_carea' id='block_1_1' title="bbox 1019 336 2117 387">
    <p class='ocr_par' dir='ltr' id='par_1_1' title="bbox 1019 336 2117 387">
     <span class='ocr_line' id='line_1_1' title="bbox 1019 336 2117 387; baseline 0.01 -11"><span class='ocrx_word' id='word_1_1' title='bbox 1019 337 1069 377; x_wconf 79' lang='lat' dir='ltr'>L.</span> <span class='ocrx_word' id='word_1_2' title='bbox 1102 336 1320 379; x_wconf 75' lang='lat' dir='ltr'>A&#39;r&#39;rlvs</span> <span class='ocrx_word' id='word_1_3' title='bbox 2015 336 2117 387; x_wconf 73' lang='lat'>203</span> 
     </span>
    </p>
   </div>
   <div class='ocr_carea' id='block_1_2' title="bbox 359 466 2118 1037">
    <p class='ocr_par' dir='ltr' id='par_1_2' title="bbox 359 466 2118 1037">
     <span class='ocr_line' id='line_1_2' title="bbox 359 466 1933 537; baseline 0.001 -19"><span class='ocrx_word' id='word_1_4' title='bbox 359 466 528 518; x_wconf 76' lang='lat' dir='ltr'>Multa</span> <span class='ocrx_word' id='word_1_5' title='bbox 573 469 891 535; x_wconf 50' lang='lat' dir='ltr'>airgumenta,</span> <span class='ocrx_word' id='word_1_6' title='bbox 931 468 1182 537; x_wconf 77' lang='lat' dir='ltr'>redigunt</span> <span class='ocrx_word' id='word_1_7' title='bbox 1223 468 1461 519; x_wconf 86' lang='lat' dir='ltr'>animum</span> <span class='ocrx_word' id='word_1_8' title='bbox 1502 471 1554 518; x_wconf 81' lang='lat' dir='ltr'>et</span> <span class='ocrx_word' id='word_1_9' title='bbox 1595 469 1933 520; x_wconf 75' lang='lat' dir='ltr'>conniouent.</span> 
     </span>
     <span class='ocr_line' id='line_1_3' title="bbox 1075 584 1250 656; baseline 0.006 -1"><span class='ocrx_word' id='word_1_10' title='bbox 1075 586 1122 638; x_wconf 79' lang='lat' dir='ltr'>v</span> <span class='ocrx_word' id='word_1_11' title='bbox 1166 584 1250 656; x_wconf 58' lang='grc' dir='ltr'>(ὅ)</span> 
     </span>
     <span class='ocr_line' id='line_1_4' title="bbox 507 682 2115 751; baseline -0.001 -18"><span class='ocrx_word' id='word_1_12' title='bbox 507 724 517 733; x_wconf 92' lang='grc'><strong>.</strong></span> <span class='ocrx_word' id='word_1_13' title='bbox 580 682 690 733; x_wconf 74' lang='lat' dir='ltr'>eius</span> <span class='ocrx_word' id='word_1_14' title='bbox 733 683 994 750; x_wconf 69' lang='lat' dir='ltr'>serpentis</span> <span class='ocrx_word' id='word_1_15' title='bbox 1036 702 1286 751; x_wconf 79' lang='lat' dir='ltr'>squamae</span> <span class='ocrx_word' id='word_1_16' title='bbox 1329 683 1574 750; x_wconf 69' lang='lat' dir='ltr'>squalido</span> <span class='ocrx_word' id='word_1_17' title='bbox 1618 701 1746 732; x_wconf 79' lang='lat' dir='ltr'>auro</span> <span class='ocrx_word' id='word_1_18' title='bbox 1789 686 1842 732; x_wconf 83' lang='lat' dir='ltr'>et</span> <span class='ocrx_word' id='word_1_19' title='bbox 1883 686 2115 750; x_wconf 79' lang='lat' dir='ltr'>purpura</span> 
     </span>
     <span class='ocr_line' id='line_1_5' title="bbox 364 776 671 829; baseline 0.007 -2"><span class='ocrx_word' id='word_1_20' title='bbox 364 776 671 829; x_wconf 69' lang='lat' dir='ltr'>Praetextae</span> 
     </span>
     <span class='ocr_line' id='line_1_6' title="bbox 1062 874 1265 945; baseline 0 -18"><span class='ocrx_word' id='word_1_21' title='bbox 1062 875 1138 927; x_wconf 80' lang='lat' dir='ltr'>VI</span> <span class='ocrx_word' id='word_1_22' title='bbox 1181 874 1265 945; x_wconf 67' lang='lat'>(3)</span> 
     </span>
     <span class='ocr_line' id='line_1_7' title="bbox 360 970 2118 1037; baseline 0 -16"><span class='ocrx_word' id='word_1_23' title='bbox 360 970 521 1022; x_wconf 62' lang='lat' dir='ltr'>Cesso</span> <span class='ocrx_word' id='word_1_24' title='bbox 561 970 685 1022; x_wconf 81' lang='lat' dir='ltr'>hine</span> <span class='ocrx_word' id='word_1_25' title='bbox 728 971 801 1022; x_wconf 83' lang='lat' dir='ltr'>ire-</span> <span class='ocrx_word' id='word_1_26' title='bbox 842 974 893 1022; x_wconf 78' lang='lat' dir='ltr'>et</span> <span class='ocrx_word' id='word_1_27' title='bbox 934 972 1113 1023; x_wconf 72' lang='lat' dir='ltr'>laiuere</span> <span class='ocrx_word' id='word_1_28' title='bbox 1153 972 1283 1023; x_wconf 80' lang='lat' dir='ltr'>lucti</span> <span class='ocrx_word' id='word_1_29' title='bbox 1327 973 1529 1023; x_wconf 66' lang='lat' dir='ltr'>uestem</span> <span class='ocrx_word' id='word_1_30' title='bbox 1579 972 1632 1022; x_wconf 86' lang='lat' dir='ltr'>in</span> <span class='ocrx_word' id='word_1_31' title='bbox 1681 972 1788 1023; x_wconf 82' lang='lat' dir='ltr'>leto</span> <span class='ocrx_word' id='word_1_32' title='bbox 1838 971 2118 1037; x_wconf 67' lang='lat' dir='ltr'>coniugis?</span> 
     </span>
    </p>
   </div>
   <div class='ocr_carea' id='block_1_3' title="bbox 756 1088 1576 1158">
    <p class='ocr_par' dir='ltr' id='par_1_3' title="bbox 756 1088 1576 1158">
     <span class='ocr_line' id='line_1_8' title="bbox 756 1088 1576 1158; baseline -0.002 -16"><span class='ocrx_word' id='word_1_33' title='bbox 756 1088 1122 1142; x_wconf 75' lang='lat' dir='ltr'>PERSIDAE</span> <span class='ocrx_word' id='word_1_34' title='bbox 1201 1089 1338 1142; x_wconf 63' lang='lat' dir='ltr'>vide.</span> <span class='ocrx_word' id='word_1_35' title='bbox 1381 1109 1428 1158; x_wconf 81' lang='lat' dir='ltr'>p.</span> <span class='ocrx_word' id='word_1_36' title='bbox 1476 1089 1576 1141; x_wconf 78' lang='lat'>148</span> 
     </span>
    </p>
   </div>
   <div class='ocr_carea' id='block_1_4' title="bbox 210 1230 1409 1493">
    <p class='ocr_par' dir='ltr' id='par_1_4' title="bbox 210 1230 1409 1493">
     <span class='ocr_line' id='line_1_9' title="bbox 936 1230 1399 1284; baseline 0 -2"><span class='ocrx_word' id='word_1_37' title='bbox 936 1230 1399 1284; x_wconf 76' lang='lat' dir='ltr'>PHILOCTETA</span> 
     </span>
     <span class='ocr_line' id='line_1_10' title="bbox 1072 1325 1279 1398; baseline 0.01 -20"><span class='ocrx_word' id='word_1_38' title='bbox 1072 1327 1095 1378; x_wconf 96' lang='lat' dir='ltr'>I</span> <span class='ocrx_word' id='word_1_39' title='bbox 1139 1325 1279 1398; x_wconf 40' lang='lat'>(16)1</span> 
     </span>
     <span class='ocr_line' id='line_1_11' title="bbox 210 1422 1409 1493; baseline 0 -17"><span class='ocrx_word' id='word_1_40' title='bbox 210 1424 317 1476; x_wconf 70' lang='lat'>520</span> <span class='ocrx_word' id='word_1_41' title='bbox 483 1423 712 1490; x_wconf 79' lang='lat' dir='ltr'>Incliite,</span> <span class='ocrx_word' id='word_1_42' title='bbox 753 1442 917 1492; x_wconf 82' lang='lat' dir='ltr'>parua</span> <span class='ocrx_word' id='word_1_43' title='bbox 960 1422 1170 1492; x_wconf 79' lang='lat' dir='ltr'>prodite</span> <span class='ocrx_word' id='word_1_44' title='bbox 1212 1425 1409 1493; x_wconf 80' lang='lat' dir='ltr'>patria,</span> 
     </span>
    </p>
   </div>
   <div class='ocr_carea' id='block_1_5' title="bbox 475 1518 1468 1589">
    <p class='ocr_par' dir='ltr' id='par_1_5' title="bbox 475 1518 1468 1589">
     <span class='ocr_line' id='line_1_12' title="bbox 475 1518 1468 1589; baseline 0 -18"><span class='ocrx_word' id='word_1_45' title='bbox 475 1518 709 1571; x_wconf 76' lang='lat' dir='ltr'>Nomine</span> <span class='ocrx_word' id='word_1_46' title='bbox 751 1519 943 1571; x_wconf 78' lang='lat' dir='ltr'>celebri</span> <span class='ocrx_word' id='word_1_47' title='bbox 986 1521 1234 1588; x_wconf 76' lang='lat' dir='ltr'>claroque</span> <span class='ocrx_word' id='word_1_48' title='bbox 1276 1524 1468 1589; x_wconf 74' lang='lat' dir='ltr'>potens</span> 
     </span>
    </p>
   </div>
   <div class='ocr_carea' id='block_1_6' title="bbox 208 1680 2120 2923">
    <p class='ocr_par' dir='ltr' id='par_1_6' title="bbox 209 1680 2120 2245">
     <span class='ocr_line' id='line_1_13' title="bbox 324 1680 2118 1735; baseline 0 -13"><span class='ocrx_word' id='word_1_49' title='bbox 324 1683 360 1719; x_wconf 84' lang='lat' dir='ltr'>V</span> <span class='ocrx_word' id='word_1_50' title='bbox 393 1680 571 1722; x_wconf 83' lang='lat' dir='ltr'>Gellius</span> <span class='ocrx_word' id='word_1_51' title='bbox 593 1683 636 1722; x_wconf 88' lang='lat'>11</span> <span class='ocrx_word' id='word_1_52' title='bbox 660 1685 700 1733; x_wconf 79' lang='grc'>6,</span> <span class='ocrx_word' id='word_1_53' title='bbox 724 1685 777 1721; x_wconf 69' lang='grc'>’23</span> <span class='ocrx_word' id='word_1_54' title='bbox 809 1683 1100 1735; x_wconf 79' lang='lat' dir='ltr'>‘squalere</span> <span class='ocrx_word' id='word_1_55' title='bbox 1135 1685 1251 1723; x_wconf 88' lang='lat' dir='ltr'>enim</span> <span class='ocrx_word' id='word_1_56' title='bbox 1285 1683 1456 1724; x_wconf 84' lang='lat' dir='ltr'>dictum</span> <span class='ocrx_word' id='word_1_57' title='bbox 1489 1697 1515 1723; x_wconf 81' lang='lat' dir='ltr'>a</span> <span class='ocrx_word' id='word_1_58' title='bbox 1549 1696 1834 1735; x_wconf 72' lang='lat' dir='ltr'>squamarum</span> <span class='ocrx_word' id='word_1_59' title='bbox 1869 1682 2118 1722; x_wconf 77' lang='lat' dir='ltr'>crebritate</span> 
     </span>
     <span class='ocr_line' id='line_1_14' title="bbox 210 1739 2119 1793; baseline 0.002 -15"><span class='ocrx_word' id='word_1_60' title='bbox 210 1740 556 1792; x_wconf 80' lang='lat' dir='ltr'>asperitateque</span> <span class='ocrx_word' id='word_1_61' title='bbox 588 1770 597 1778; x_wconf 87' lang='lat'><strong>.</strong></span> <span class='ocrx_word' id='word_1_62' title='bbox 616 1771 624 1779; x_wconf 91' lang='lat'>.</span> <span class='ocrx_word' id='word_1_63' title='bbox 646 1770 654 1780; x_wconf 93' lang='lat'><strong>.</strong></span> <span class='ocrx_word' id='word_1_64' title='bbox 675 1771 683 1779; x_wconf 97' lang='lat'>.</span> <span class='ocrx_word' id='word_1_65' title='bbox 713 1740 879 1780; x_wconf 78' lang='lat' dir='ltr'>Accius</span> <span class='ocrx_word' id='word_1_66' title='bbox 908 1741 953 1779; x_wconf 89' lang='lat' dir='ltr'>iu</span> <span class='ocrx_word' id='word_1_67' title='bbox 988 1739 1222 1793; x_wconf 84' lang='lat' dir='ltr'>Pelopidis</span> <span class='ocrx_word' id='word_1_68' title='bbox 1254 1742 1319 1780; x_wconf 82' lang='lat' dir='ltr'>ita</span> <span class='ocrx_word' id='word_1_69' title='bbox 1345 1741 1525 1782; x_wconf 82' lang='lat' dir='ltr'><strong>scribit:</strong></span> <span class='ocrx_word' id='word_1_70' title='bbox 1561 1741 1678 1780; x_wconf 79' lang='lat' dir='ltr'>eius</span> <span class='ocrx_word' id='word_1_71' title='bbox 1708 1772 1717 1780; x_wconf 91' lang='lat'><strong>.</strong></span> <span class='ocrx_word' id='word_1_72' title='bbox 1738 1772 1774 1780; x_wconf 92' lang='lat'>..</span> <span class='ocrx_word' id='word_1_73' title='bbox 1807 1754 1832 1792; x_wconf 88' lang='lat' dir='ltr'>p</span> <span class='ocrx_word' id='word_1_74' title='bbox 1846 1755 1868 1779; x_wconf 80' lang='lat' dir='ltr'>c</span> <span class='ocrx_word' id='word_1_75' title='bbox 1883 1746 2068 1780; x_wconf 77' lang='lat' dir='ltr'>rtexta</span> <span class='ocrx_word' id='word_1_76' title='bbox 2082 1753 2119 1782; x_wconf 90' lang='lat' dir='ltr'>e.</span> 
     </span>
     <span class='ocr_line' id='line_1_15' title="bbox 209 1795 2119 1850; baseline 0.001 -17"><span class='ocrx_word' id='word_1_77' title='bbox 209 1795 441 1847; x_wconf 76' lang='lat' dir='ltr'>Quidquid</span> <span class='ocrx_word' id='word_1_78' title='bbox 480 1796 622 1847; x_wconf 77' lang='lat' dir='ltr'>igitur</span> <span class='ocrx_word' id='word_1_79' title='bbox 660 1797 792 1837; x_wconf 81' lang='lat' dir='ltr'>nimis</span> <span class='ocrx_word' id='word_1_80' title='bbox 823 1796 1099 1836; x_wconf 78' lang='lat' dir='ltr'>inculcatum</span> <span class='ocrx_word' id='word_1_81' title='bbox 1133 1798 1420 1850; x_wconf 82' lang='lat' dir='ltr'>obsitumque</span> <span class='ocrx_word' id='word_1_82' title='bbox 1461 1797 1615 1849; x_wconf 81' lang='lat' dir='ltr'>aliqua</span> <span class='ocrx_word' id='word_1_83' title='bbox 1656 1811 1702 1836; x_wconf 82' lang='lat' dir='ltr'>re</span> <span class='ocrx_word' id='word_1_84' title='bbox 1745 1803 1865 1843; x_wconf 83' lang='lat' dir='ltr'>erat,</span> <span class='ocrx_word' id='word_1_85' title='bbox 1905 1802 1952 1835; x_wconf 88' lang='lat' dir='ltr'>ut</span> <span class='ocrx_word' id='word_1_86' title='bbox 1992 1798 2119 1836; x_wconf 83' lang='lat' dir='ltr'>iucu-</span> 
     </span>
     <span class='ocr_line' id='line_1_16' title="bbox 209 1852 2120 1907; baseline -0.001 -15"><span class='ocrx_word' id='word_1_87' title='bbox 209 1856 328 1893; x_wconf 81' lang='lat' dir='ltr'><strong>teret</strong></span> <span class='ocrx_word' id='word_1_88' title='bbox 359 1852 618 1892; x_wconf 79' lang='lat' dir='ltr'>uisentibus</span> <span class='ocrx_word' id='word_1_89' title='bbox 651 1853 771 1892; x_wconf 83' lang='lat' dir='ltr'>facie</span> <span class='ocrx_word' id='word_1_90' title='bbox 804 1866 924 1893; x_wconf 77' lang='lat' dir='ltr'>noua</span> <span class='ocrx_word' id='word_1_91' title='bbox 948 1853 1191 1904; x_wconf 84' lang='lat' dir='ltr'>horrorem,</span> <span class='ocrx_word' id='word_1_92' title='bbox 1225 1854 1268 1893; x_wconf 89' lang='lat' dir='ltr'>id</span> <span class='ocrx_word' id='word_1_93' title='bbox 1303 1854 1512 1907; x_wconf 76' lang='lat' dir='ltr'>squalere</span> <span class='ocrx_word' id='word_1_94' title='bbox 1538 1852 1808 1894; x_wconf 57' lang='lat' dir='ltr'>‹lii-ebatur)</span> <span class='ocrx_word' id='word_1_95' title='bbox 1857 1853 2120 1892; x_wconf 80' lang='lat' dir='ltr'>Macrobius</span> 
     </span>
     <span class='ocr_line' id='line_1_17' title="bbox 210 1909 2117 1963; baseline 0 -15"><span class='ocrx_word' id='word_1_96' title='bbox 210 1910 306 1948; x_wconf 76' lang='lat' dir='ltr'>Sat.</span> <span class='ocrx_word' id='word_1_97' title='bbox 341 1909 402 1948; x_wconf 71' lang='lat' dir='ltr'>Vl</span> <span class='ocrx_word' id='word_1_98' title='bbox 436 1911 476 1958; x_wconf 81' lang='lat'>7,</span> <span class='ocrx_word' id='word_1_99' title='bbox 514 1911 563 1949; x_wconf 79' lang='lat'>18</span> <span class='ocrx_word' id='word_1_100' title='bbox 595 1909 889 1961; x_wconf 79' lang='lat' dir='ltr'>‘squalere</span> <span class='ocrx_word' id='word_1_101' title='bbox 923 1910 1040 1949; x_wconf 82' lang='lat' dir='ltr'>euim</span> <span class='ocrx_word' id='word_1_102' title='bbox 1075 1910 1245 1950; x_wconf 77' lang='lat' dir='ltr'>dictum</span> <span class='ocrx_word' id='word_1_103' title='bbox 1279 1912 1334 1949; x_wconf 83' lang='lat' dir='ltr'>ab</span> <span class='ocrx_word' id='word_1_104' title='bbox 1375 1924 1664 1963; x_wconf 79' lang='lat' dir='ltr'>squamarum</span> <span class='ocrx_word' id='word_1_105' title='bbox 1698 1910 1950 1950; x_wconf 76' lang='lat' dir='ltr'>crebritate</span> <span class='ocrx_word' id='word_1_106' title='bbox 1984 1923 2117 1961; x_wconf 78' lang='lat' dir='ltr'>aspe-</span> 
     </span>
     <span class='ocr_line' id='line_1_18' title="bbox 209 1965 2118 2020; baseline 0.001 -16"><span class='ocrx_word' id='word_1_107' title='bbox 209 1966 440 2018; x_wconf 80' lang='lat' dir='ltr'>ritateque</span> <span class='ocrx_word' id='word_1_108' title='bbox 601 1966 766 2006; x_wconf 73' lang='lat' dir='ltr'>Accius</span> <span class='ocrx_word' id='word_1_109' title='bbox 805 1967 851 2005; x_wconf 86' lang='lat' dir='ltr'>in</span> <span class='ocrx_word' id='word_1_110' title='bbox 885 1966 1142 2018; x_wconf 83' lang='lat' dir='ltr'>Pelopidis’</span> <span class='ocrx_word' id='word_1_111' title='bbox 1183 1967 1576 2020; x_wconf 83' lang='lat' dir='ltr'>(pelopidibus</span> <span class='ocrx_word' id='word_1_112' title='bbox 1608 1965 1775 2017; x_wconf 73' lang='lat' dir='ltr'>Paris.)</span> <span class='ocrx_word' id='word_1_113' title='bbox 1817 1967 1911 2005; x_wconf 78' lang='lat' dir='ltr'>‘ita</span> <span class='ocrx_word' id='word_1_114' title='bbox 1943 1966 2118 2005; x_wconf 83' lang='lat' dir='ltr'>scribit:</span> 
     </span>
     <span class='ocr_line' id='line_1_19' title="bbox 209 2022 2111 2075; baseline 0 -14"><span class='ocrx_word' id='word_1_115' title='bbox 209 2022 330 2061; x_wconf 87' lang='lat' dir='ltr'>eius’</span> <span class='ocrx_word' id='word_1_116' title='bbox 365 2036 403 2064; x_wconf 86' lang='lat' dir='ltr'>e.</span> <span class='ocrx_word' id='word_1_117' title='bbox 439 2034 480 2073; x_wconf 89' lang='lat' dir='ltr'>q.</span> <span class='ocrx_word' id='word_1_118' title='bbox 513 2034 547 2064; x_wconf 86' lang='lat' dir='ltr'>s.</span> <span class='ocrx_word' id='word_1_119' title='bbox 591 2022 852 2074; x_wconf 78' lang='lat' dir='ltr'>‘Quidquid</span> <span class='ocrx_word' id='word_1_120' title='bbox 885 2023 1052 2074; x_wconf 76' lang='lat' dir='ltr'>igitur&#39;</span> <span class='ocrx_word' id='word_1_121' title='bbox 1093 2037 1131 2063; x_wconf 90' lang='lat' dir='ltr'>e.</span> <span class='ocrx_word' id='word_1_122' title='bbox 1163 2037 1204 2075; x_wconf 91' lang='lat' dir='ltr'>q.</span> <span class='ocrx_word' id='word_1_123' title='bbox 1239 2037 1271 2063; x_wconf 79' lang='lat' dir='ltr'>s.</span> <span class='ocrx_word' id='word_1_124' title='bbox 1332 2024 1445 2063; x_wconf 89' lang='lat' dir='ltr'>Nou.</span> <span class='ocrx_word' id='word_1_125' title='bbox 1480 2026 1582 2069; x_wconf 73' lang='lat'>452,</span> <span class='ocrx_word' id='word_1_126' title='bbox 1618 2025 1671 2063; x_wconf 79' lang='lat'>28</span> <span class='ocrx_word' id='word_1_127' title='bbox 1705 2023 1992 2075; x_wconf 74' lang='lat' dir='ltr'>‘squalere</span> <span class='ocrx_word' id='word_1_128' title='bbox 2032 2054 2040 2061; x_wconf 88' lang='lat'><em>.</em></span> <span class='ocrx_word' id='word_1_129' title='bbox 2068 2053 2076 2062; x_wconf 90' lang='lat'><strong>.</strong></span> <span class='ocrx_word' id='word_1_130' title='bbox 2103 2054 2111 2062; x_wconf 92' lang='lat'><strong><em>.</em></strong></span> 
     </span>
     <span class='ocr_line' id='line_1_20' title="bbox 210 2077 2117 2131; baseline 0.001 -15"><span class='ocrx_word' id='word_1_131' title='bbox 210 2077 404 2118; x_wconf 79' lang='lat' dir='ltr'>honesta</span> <span class='ocrx_word' id='word_1_132' title='bbox 443 2091 489 2118; x_wconf 91' lang='lat' dir='ltr'>re</span> <span class='ocrx_word' id='word_1_133' title='bbox 529 2078 762 2118; x_wconf 80' lang='lat' dir='ltr'>abundare</span> <span class='ocrx_word' id='word_1_134' title='bbox 796 2083 842 2118; x_wconf 84' lang='lat' dir='ltr'>et</span> <span class='ocrx_word' id='word_1_135' title='bbox 874 2079 1091 2119; x_wconf 83' lang='lat' dir='ltr'>refertum</span> <span class='ocrx_word' id='word_1_136' title='bbox 1135 2093 1236 2120; x_wconf 87' lang='lat' dir='ltr'>esse</span> <span class='ocrx_word' id='word_1_137' title='bbox 1276 2084 1454 2120; x_wconf 80' lang='lat' dir='ltr'>ueteres</span> <span class='ocrx_word' id='word_1_138' title='bbox 1493 2080 1687 2119; x_wconf 70' lang='lat' dir='ltr'>honesta</span> <span class='ocrx_word' id='word_1_139' title='bbox 1729 2080 2009 2119; x_wconf 82' lang='lat' dir='ltr'>auctoritate</span> <span class='ocrx_word' id='word_1_140' title='bbox 2042 2092 2117 2131; x_wconf 87' lang='lat' dir='ltr'>po-</span> 
     </span>
     <span class='ocr_line' id='line_1_21' title="bbox 210 2134 2119 2187; baseline 0.001 -14"><span class='ocrx_word' id='word_1_141' title='bbox 210 2141 396 2174; x_wconf 84' lang='lat' dir='ltr'>suerunt</span> <span class='ocrx_word' id='word_1_142' title='bbox 431 2165 439 2174; x_wconf 95' lang='lat'>.</span> <span class='ocrx_word' id='word_1_143' title='bbox 468 2165 475 2172; x_wconf 93' lang='lat'><strong>.</strong></span> <span class='ocrx_word' id='word_1_144' title='bbox 504 2165 547 2173; x_wconf 92' lang='lat'>..</span> <span class='ocrx_word' id='word_1_145' title='bbox 586 2134 704 2187; x_wconf 88' lang='lat' dir='ltr'>quod</span> <span class='ocrx_word' id='word_1_146' title='bbox 743 2135 884 2174; x_wconf 85' lang='lat' dir='ltr'>fuerit</span> <span class='ocrx_word' id='word_1_147' title='bbox 924 2135 1131 2187; x_wconf 83' lang='lat' dir='ltr'>qualibet</span> <span class='ocrx_word' id='word_1_148' title='bbox 1172 2150 1217 2175; x_wconf 87' lang='lat' dir='ltr'>re</span> <span class='ocrx_word' id='word_1_149' title='bbox 1260 2136 1499 2176; x_wconf 77' lang='lat' dir='ltr'>densatum</span> <span class='ocrx_word' id='word_1_150' title='bbox 1539 2140 1776 2176; x_wconf 84' lang='lat' dir='ltr'>oneratum</span> <span class='ocrx_word' id='word_1_151' title='bbox 1818 2136 2119 2176; x_wconf 83' lang='lat' dir='ltr'>inculcatum-</span> 
     </span>
     <span class='ocr_line' id='line_1_22' title="bbox 211 2189 2118 2245; baseline 0.001 -16"><span class='ocrx_word' id='word_1_152' title='bbox 211 2204 317 2243; x_wconf 88' lang='lat' dir='ltr'>que,</span> <span class='ocrx_word' id='word_1_153' title='bbox 351 2190 560 2242; x_wconf 79' lang='lat' dir='ltr'>squalere</span> <span class='ocrx_word' id='word_1_154' title='bbox 592 2189 834 2231; x_wconf 88' lang='lat' dir='ltr'>uoluerunt</span> <span class='ocrx_word' id='word_1_155' title='bbox 863 2222 873 2231; x_wconf 88' lang='lat'><strong>.</strong></span> <span class='ocrx_word' id='word_1_156' title='bbox 893 2222 901 2230; x_wconf 92' lang='lat'>.</span> <span class='ocrx_word' id='word_1_157' title='bbox 922 2222 930 2230; x_wconf 90' lang='lat'><strong>.</strong></span> <span class='ocrx_word' id='word_1_158' title='bbox 959 2192 1126 2232; x_wconf 79' lang='lat' dir='ltr'>Accius</span> <span class='ocrx_word' id='word_1_159' title='bbox 1159 2191 1430 2244; x_wconf 81' lang='lat' dir='ltr'>Paelopidis</span> <span class='ocrx_word' id='word_1_160' title='bbox 1459 2223 1468 2232; x_wconf 87' lang='lat'><strong>.</strong></span> <span class='ocrx_word' id='word_1_161' title='bbox 1488 2224 1497 2232; x_wconf 94' lang='lat'><strong><em>.</em></strong></span> <span class='ocrx_word' id='word_1_162' title='bbox 1517 2197 1553 2233; x_wconf 87' lang='lat'>.’</span> <span class='ocrx_word' id='word_1_163' title='bbox 1588 2191 1907 2245; x_wconf 82' lang='lat' dir='ltr'>(Pelopidis</span> <span class='ocrx_word' id='word_1_164' title='bbox 1941 2192 2118 2241; x_wconf 78' lang='lat' dir='ltr'>Bamb.)</span> 
     </span>
    </p>

    <p class='ocr_par' dir='ltr' id='par_1_7' title="bbox 210 2247 2117 2400">
     <span class='ocr_line' id='line_1_23' title="bbox 323 2247 2117 2300; baseline 0.002 -15"><span class='ocrx_word' id='word_1_165' title='bbox 323 2247 382 2286; x_wconf 81' lang='lat' dir='ltr'>Vl</span> <span class='ocrx_word' id='word_1_166' title='bbox 422 2247 535 2290; x_wconf 84' lang='lat' dir='ltr'>Nou.</span> <span class='ocrx_word' id='word_1_167' title='bbox 572 2247 676 2296; x_wconf 75' lang='lat'>485,</span> <span class='ocrx_word' id='word_1_168' title='bbox 716 2249 769 2287; x_wconf 78' lang='lat'>32</span> <span class='ocrx_word' id='word_1_169' title='bbox 810 2247 980 2288; x_wconf 79' lang='lat' dir='ltr'>‘lucti</span> <span class='ocrx_word' id='word_1_170' title='bbox 1020 2261 1098 2300; x_wconf 86' lang='lat' dir='ltr'>pro</span> <span class='ocrx_word' id='word_1_171' title='bbox 1141 2248 1325 2289; x_wconf 81' lang='lat' dir='ltr'>luctus.’</span> <span class='ocrx_word' id='word_1_172' title='bbox 1459 2249 1676 2288; x_wconf 84' lang='lat' dir='ltr'>Addeuda</span> <span class='ocrx_word' id='word_1_173' title='bbox 1715 2249 1786 2288; x_wconf 83' lang='lat' dir='ltr'>his</span> <span class='ocrx_word' id='word_1_174' title='bbox 1826 2249 2023 2288; x_wconf 80' lang='lat' dir='ltr'>fortasse</span> <span class='ocrx_word' id='word_1_175' title='bbox 2063 2261 2117 2288; x_wconf 78' lang='lat' dir='ltr'>ex</span> 
     </span>
     <span class='ocr_line' id='line_1_24' title="bbox 210 2303 2116 2358; baseline 0.001 -16"><span class='ocrx_word' id='word_1_176' title='bbox 210 2304 345 2344; x_wconf 80' lang='lat' dir='ltr'>Atreo</span> <span class='ocrx_word' id='word_1_177' title='bbox 374 2304 429 2342; x_wconf 76' lang='lat' dir='ltr'>fr.</span> <span class='ocrx_word' id='word_1_178' title='bbox 461 2303 610 2343; x_wconf 77' lang='lat' dir='ltr'>xvul</span> <span class='ocrx_word' id='word_1_179' title='bbox 651 2311 696 2343; x_wconf 90' lang='lat' dir='ltr'>et</span> <span class='ocrx_word' id='word_1_180' title='bbox 728 2303 857 2352; x_wconf 76' lang='lat' dir='ltr'>xlx3</span> <span class='ocrx_word' id='word_1_181' title='bbox 898 2317 1001 2343; x_wconf 85' lang='lat' dir='ltr'>num</span> <span class='ocrx_word' id='word_1_182' title='bbox 1041 2304 1098 2344; x_wconf 80' lang='lat' dir='ltr'>ad</span> <span class='ocrx_word' id='word_1_183' title='bbox 1137 2305 1256 2345; x_wconf 88' lang='lat' dir='ltr'>idem</span> <span class='ocrx_word' id='word_1_184' title='bbox 1294 2310 1608 2358; x_wconf 82' lang='lat' dir='ltr'>argumentum</span> <span class='ocrx_word' id='word_1_185' title='bbox 1649 2310 1858 2357; x_wconf 85' lang='lat' dir='ltr'>spectent</span> <span class='ocrx_word' id='word_1_186' title='bbox 1898 2305 1987 2344; x_wconf 85' lang='lat' dir='ltr'>inc.</span> <span class='ocrx_word' id='word_1_187' title='bbox 2029 2305 2116 2343; x_wconf 81' lang='lat' dir='ltr'>inc.</span> 
     </span>
     <span class='ocr_line' id='line_1_25' title="bbox 212 2359 879 2400; baseline 0.001 -1"><span class='ocrx_word' id='word_1_188' title='bbox 212 2360 265 2400; x_wconf 81' lang='lat' dir='ltr'>fr.</span> <span class='ocrx_word' id='word_1_189' title='bbox 297 2360 419 2400; x_wconf 78' lang='lat' dir='ltr'>va</span> <span class='ocrx_word' id='word_1_190' title='bbox 453 2365 499 2400; x_wconf 86' lang='lat' dir='ltr'>et</span> <span class='ocrx_word' id='word_1_191' title='bbox 530 2360 677 2400; x_wconf 79' lang='lat' dir='ltr'>LXVI</span> <span class='ocrx_word' id='word_1_192' title='bbox 709 2359 879 2400; x_wconf 88' lang='lat' dir='ltr'>dubito.</span> 
     </span>
    </p>

    <p class='ocr_par' dir='ltr' id='par_1_8' title="bbox 208 2417 2120 2923">
     <span class='ocr_line' id='line_1_26' title="bbox 322 2417 2117 2470; baseline 0.001 -15"><span class='ocrx_word' id='word_1_193' title='bbox 322 2417 626 2456; x_wconf 69' lang='lat' dir='ltr'>PiiinocrnrA</span> <span class='ocrx_word' id='word_1_194' title='bbox 659 2417 967 2467; x_wconf 64' lang='lat' dir='ltr'>(Pmocrsm)</span> <span class='ocrx_word' id='word_1_195' title='bbox 999 2418 1019 2458; x_wconf 95' lang='lat' dir='ltr'>I</span> <span class='ocrx_word' id='word_1_196' title='bbox 1051 2417 1271 2470; x_wconf 80' lang='lat' dir='ltr'>Apuleius</span> <span class='ocrx_word' id='word_1_197' title='bbox 1303 2417 1359 2457; x_wconf 90' lang='lat' dir='ltr'>de</span> <span class='ocrx_word' id='word_1_198' title='bbox 1392 2418 1476 2457; x_wconf 83' lang='lat' dir='ltr'>deo</span> <span class='ocrx_word' id='word_1_199' title='bbox 1509 2418 1712 2458; x_wconf 82' lang='lat' dir='ltr'>Socratis</span> <span class='ocrx_word' id='word_1_200' title='bbox 1746 2432 1784 2459; x_wconf 83' lang='lat' dir='ltr'>c.</span> <span class='ocrx_word' id='word_1_201' title='bbox 1819 2419 1871 2456; x_wconf 73' lang='lat'>2⁴</span> <span class='ocrx_word' id='word_1_202' title='bbox 1904 2417 2010 2457; x_wconf 85' lang='lat' dir='ltr'>‘sed</span> <span class='ocrx_word' id='word_1_203' title='bbox 2052 2421 2117 2463; x_wconf 86' lang='lat' dir='ltr'>ut,</span> 
     </span>
     <span class='ocr_line' id='line_1_27' title="bbox 209 2472 2118 2525; baseline 0 -13"><span class='ocrx_word' id='word_1_204' title='bbox 209 2474 284 2523; x_wconf 86' lang='lat' dir='ltr'>qui</span> <span class='ocrx_word' id='word_1_205' title='bbox 318 2477 362 2512; x_wconf 87' lang='lat' dir='ltr'>te</span> <span class='ocrx_word' id='word_1_206' title='bbox 396 2472 521 2513; x_wconf 89' lang='lat' dir='ltr'>uolet</span> <span class='ocrx_word' id='word_1_207' title='bbox 551 2473 822 2520; x_wconf 79' lang='lat' dir='ltr'>nobilitare,</span> <span class='ocrx_word' id='word_1_208' title='bbox 858 2486 1003 2525; x_wconf 77' lang='lat' dir='ltr'>aeque</span> <span class='ocrx_word' id='word_1_209' title='bbox 1036 2474 1218 2521; x_wconf 81' lang='lat' dir='ltr'>laudet,</span> <span class='ocrx_word' id='word_1_210' title='bbox 1249 2478 1299 2514; x_wconf 89' lang='lat' dir='ltr'>ut</span> <span class='ocrx_word' id='word_1_211' title='bbox 1321 2474 1487 2515; x_wconf 81' lang='lat' dir='ltr'>Accius</span> <span class='ocrx_word' id='word_1_212' title='bbox 1511 2474 1673 2514; x_wconf 70' lang='lat' dir='ltr'>vlixen</span> <span class='ocrx_word' id='word_1_213' title='bbox 1706 2473 1914 2513; x_wconf 73' lang='lat' dir='ltr'>laudauit</span> <span class='ocrx_word' id='word_1_214' title='bbox 1948 2474 1991 2512; x_wconf 87' lang='lat' dir='ltr'>in</span> <span class='ocrx_word' id='word_1_215' title='bbox 2015 2473 2118 2512; x_wconf 82' lang='lat' dir='ltr'>l‘hi-</span> 
     </span>
     <span class='ocr_line' id='line_1_28' title="bbox 210 2529 2117 2584; baseline 0 -15"><span class='ocrx_word' id='word_1_216' title='bbox 210 2529 379 2570; x_wconf 74' lang='lat' dir='ltr'>loeteta</span> <span class='ocrx_word' id='word_1_217' title='bbox 401 2542 482 2570; x_wconf 87' lang='lat' dir='ltr'>suo</span> <span class='ocrx_word' id='word_1_218' title='bbox 513 2530 568 2569; x_wconf 92' lang='lat' dir='ltr'>in</span> <span class='ocrx_word' id='word_1_219' title='bbox 592 2530 710 2570; x_wconf 81' lang='lat' dir='ltr'>eius</span> <span class='ocrx_word' id='word_1_220' title='bbox 734 2531 1065 2582; x_wconf 81' lang='lat' dir='ltr'>tragoediae</span> <span class='ocrx_word' id='word_1_221' title='bbox 1089 2532 1395 2584; x_wconf 89' lang='lat' dir='ltr'>principio:</span> <span class='ocrx_word' id='word_1_222' title='bbox 1420 2530 1636 2570; x_wconf 82' lang='lat' dir='ltr'>inclute</span> <span class='ocrx_word' id='word_1_223' title='bbox 1668 2562 1676 2571; x_wconf 91' lang='lat'><strong>.</strong></span> <span class='ocrx_word' id='word_1_224' title='bbox 1696 2562 1704 2570; x_wconf 93' lang='lat'>.</span> <span class='ocrx_word' id='word_1_225' title='bbox 1725 2562 1734 2569; x_wconf 87' lang='lat'><strong>.</strong></span> <span class='ocrx_word' id='word_1_226' title='bbox 1753 2562 1763 2570; x_wconf 90' lang='lat'><strong>.</strong></span> <span class='ocrx_word' id='word_1_227' title='bbox 1795 2529 2117 2573; x_wconf 81' lang='lat' dir='ltr'>Laertiade,</span> 
     </span>
     <span class='ocr_line' id='line_1_29' title="bbox 208 2585 2116 2641; baseline 0.001 -16"><span class='ocrx_word' id='word_1_228' title='bbox 208 2585 464 2627; x_wconf 83' lang='lat' dir='ltr'>Nouissime</span> <span class='ocrx_word' id='word_1_229' title='bbox 499 2590 675 2638; x_wconf 81' lang='lat' dir='ltr'>patrem</span> <span class='ocrx_word' id='word_1_230' title='bbox 706 2590 960 2627; x_wconf 70' lang='lat' dir='ltr'>memorat’</span> <span class='ocrx_word' id='word_1_231' title='bbox 1023 2589 1150 2639; x_wconf 83' lang='lat' dir='ltr'>Quae</span> <span class='ocrx_word' id='word_1_232' title='bbox 1183 2587 1429 2641; x_wconf 81' lang='lat' dir='ltr'>descripsit</span> <span class='ocrx_word' id='word_1_233' title='bbox 1465 2588 1530 2629; x_wconf 89' lang='lat' dir='ltr'>Io.</span> <span class='ocrx_word' id='word_1_234' title='bbox 1562 2587 1916 2627; x_wconf 72' lang='lat' dir='ltr'>sarisberiensis</span> <span class='ocrx_word' id='word_1_235' title='bbox 1947 2586 2043 2627; x_wconf 85' lang='lat' dir='ltr'>Pol.</span> <span class='ocrx_word' id='word_1_236' title='bbox 2078 2600 2116 2637; x_wconf 88' lang='lat' dir='ltr'>p.</span> 
     </span>
     <span class='ocr_line' id='line_1_30' title="bbox 208 2642 2119 2697; baseline 0.001 -16"><span class='ocrx_word' id='word_1_237' title='bbox 208 2644 304 2683; x_wconf 76' lang='lat'>402.</span> <span class='ocrx_word' id='word_1_238' title='bbox 347 2643 522 2682; x_wconf 83' lang='lat' dir='ltr'>Marius</span> <span class='ocrx_word' id='word_1_239' title='bbox 557 2644 821 2683; x_wconf 76' lang='lat' dir='ltr'>Victorinus</span> <span class='ocrx_word' id='word_1_240' title='bbox 854 2657 894 2695; x_wconf 91' lang='lat' dir='ltr'>p.</span> <span class='ocrx_word' id='word_1_241' title='bbox 927 2645 1036 2684; x_wconf 71' lang='lat'>2522</span> <span class='ocrx_word' id='word_1_242' title='bbox 1074 2644 1122 2687; x_wconf 91' lang='lat' dir='ltr'>P.</span> <span class='ocrx_word' id='word_1_243' title='bbox 1156 2642 1256 2695; x_wconf 87' lang='grc'>(103</span> <span class='ocrx_word' id='word_1_244' title='bbox 1289 2644 1365 2694; x_wconf 90' lang='lat' dir='ltr'>G.)</span> <span class='ocrx_word' id='word_1_245' title='bbox 1403 2644 1786 2697; x_wconf 75' lang='lat' dir='ltr'>‘anapaesticum</span> <span class='ocrx_word' id='word_1_246' title='bbox 1818 2643 1962 2683; x_wconf 89' lang='lat' dir='ltr'>melos</span> <span class='ocrx_word' id='word_1_247' title='bbox 1999 2643 2119 2683; x_wconf 84' lang='lat' dir='ltr'>binis</span> 
     </span>
     <span class='ocr_line' id='line_1_31' title="bbox 210 2698 2118 2753; baseline 0 -15"><span class='ocrx_word' id='word_1_248' title='bbox 210 2698 405 2752; x_wconf 83' lang='lat' dir='ltr'>pedibus</span> <span class='ocrx_word' id='word_1_249' title='bbox 437 2702 561 2739; x_wconf 77' lang='lat' dir='ltr'>amat</span> <span class='ocrx_word' id='word_1_250' title='bbox 592 2712 774 2740; x_wconf 87' lang='lat' dir='ltr'>sensum</span> <span class='ocrx_word' id='word_1_251' title='bbox 805 2698 1064 2750; x_wconf 85' lang='lat' dir='ltr'>includere,</span> <span class='ocrx_word' id='word_1_252' title='bbox 1095 2704 1146 2740; x_wconf 88' lang='lat' dir='ltr'>ut</span> <span class='ocrx_word' id='word_1_253' title='bbox 1179 2700 1302 2753; x_wconf 84' lang='lat' dir='ltr'>apud</span> <span class='ocrx_word' id='word_1_254' title='bbox 1331 2701 1548 2742; x_wconf 78' lang='lat' dir='ltr'>Accium:</span> <span class='ocrx_word' id='word_1_255' title='bbox 1578 2700 1795 2740; x_wconf 87' lang='lat' dir='ltr'>inclute</span> <span class='ocrx_word' id='word_1_256' title='bbox 1827 2730 1837 2740; x_wconf 89' lang='lat'><strong>.</strong></span> <span class='ocrx_word' id='word_1_257' title='bbox 1863 2730 1871 2738; x_wconf 91' lang='lat'><strong><em>.</em></strong></span> <span class='ocrx_word' id='word_1_258' title='bbox 1897 2732 1906 2740; x_wconf 92' lang='lat'><strong>.</strong></span> <span class='ocrx_word' id='word_1_259' title='bbox 1937 2701 2118 2751; x_wconf 72' lang='lat' dir='ltr'>genti—</span> 
     </span>
     <span class='ocr_line' id='line_1_32' title="bbox 208 2755 2118 2810; baseline -0.001 -14"><span class='ocrx_word' id='word_1_260' title='bbox 208 2756 309 2796; x_wconf 91' lang='lat' dir='ltr'>bus</span> <span class='ocrx_word' id='word_1_261' title='bbox 339 2756 528 2796; x_wconf 89' lang='lat' dir='ltr'>ultor.’</span> <span class='ocrx_word' id='word_1_262' title='bbox 579 2755 771 2796; x_wconf 84' lang='lat' dir='ltr'>Attilius</span> <span class='ocrx_word' id='word_1_263' title='bbox 800 2756 1167 2797; x_wconf 80' lang='lat' dir='ltr'>Fortunatianus</span> <span class='ocrx_word' id='word_1_264' title='bbox 1197 2771 1240 2810; x_wconf 89' lang='lat' dir='ltr'>p.</span> <span class='ocrx_word' id='word_1_265' title='bbox 1264 2758 1372 2798; x_wconf 76' lang='lat'>2681</span> <span class='ocrx_word' id='word_1_266' title='bbox 1396 2757 1444 2796; x_wconf 89' lang='lat' dir='ltr'>P.</span> <span class='ocrx_word' id='word_1_267' title='bbox 1480 2755 1579 2807; x_wconf 63' lang='lat'>(3⁸26</span> <span class='ocrx_word' id='word_1_268' title='bbox 1602 2757 1676 2809; x_wconf 87' lang='lat' dir='ltr'>G.)</span> <span class='ocrx_word' id='word_1_269' title='bbox 1728 2760 1935 2796; x_wconf 82' lang='lat' dir='ltr'>‘constat</span> <span class='ocrx_word' id='word_1_270' title='bbox 1972 2757 2118 2796; x_wconf 74' lang='lat' dir='ltr'>euim’</span> 
     </span>
     <span class='ocr_line' id='line_1_33' title="bbox 211 2810 2120 2867; baseline -0.001 -15"><span class='ocrx_word' id='word_1_271' title='bbox 211 2811 461 2863; x_wconf 70' lang='lat' dir='ltr'>(clausulaz</span> <span class='ocrx_word' id='word_1_272' title='bbox 493 2813 657 2853; x_wconf 86' lang='lat' dir='ltr'>terruit</span> <span class='ocrx_word' id='word_1_273' title='bbox 689 2810 861 2863; x_wconf 87' lang='lat' dir='ltr'>orbem)</span> <span class='ocrx_word' id='word_1_274' title='bbox 894 2816 969 2852; x_wconf 79' lang='lat' dir='ltr'>‘ex</span> <span class='ocrx_word' id='word_1_275' title='bbox 1002 2812 1183 2866; x_wconf 84' lang='lat' dir='ltr'>dactylo</span> <span class='ocrx_word' id='word_1_276' title='bbox 1215 2818 1261 2854; x_wconf 86' lang='lat' dir='ltr'>et</span> <span class='ocrx_word' id='word_1_277' title='bbox 1295 2812 1515 2867; x_wconf 88' lang='lat' dir='ltr'>spondeo,</span> <span class='ocrx_word' id='word_1_278' title='bbox 1550 2827 1667 2866; x_wconf 82' lang='lat' dir='ltr'>quae</span> <span class='ocrx_word' id='word_1_279' title='bbox 1700 2812 1933 2853; x_wconf 80' lang='lat' dir='ltr'>clausulae</span> <span class='ocrx_word' id='word_1_280' title='bbox 1966 2817 2011 2853; x_wconf 88' lang='lat' dir='ltr'>et</span> <span class='ocrx_word' id='word_1_281' title='bbox 2041 2825 2120 2865; x_wconf 70' lang='lat' dir='ltr'>per</span> 
     </span>
     <span class='ocr_line' id='line_1_34' title="bbox 209 2869 2120 2923; baseline -0.001 -15"><span class='ocrx_word' id='word_1_282' title='bbox 209 2881 257 2908; x_wconf 88' lang='lat' dir='ltr'>se</span> <span class='ocrx_word' id='word_1_283' title='bbox 281 2870 508 2922; x_wconf 82' lang='lat' dir='ltr'>repetitae</span> <span class='ocrx_word' id='word_1_284' title='bbox 531 2871 578 2909; x_wconf 87' lang='lat' dir='ltr'>et</span> <span class='ocrx_word' id='word_1_285' title='bbox 600 2869 721 2908; x_wconf 88' lang='lat' dir='ltr'>inter</span> <span class='ocrx_word' id='word_1_286' title='bbox 742 2881 791 2909; x_wconf 88' lang='lat' dir='ltr'>se</span> <span class='ocrx_word' id='word_1_287' title='bbox 814 2869 994 2911; x_wconf 76' lang='lat' dir='ltr'>iunctae</span> <span class='ocrx_word' id='word_1_288' title='bbox 1019 2870 1355 2923; x_wconf 82' lang='lat' dir='ltr'>anapaesticon</span> <span class='ocrx_word' id='word_1_289' title='bbox 1377 2873 1554 2910; x_wconf 86' lang='lat' dir='ltr'>metron</span> <span class='ocrx_word' id='word_1_290' title='bbox 1578 2869 1801 2919; x_wconf 80' lang='lat' dir='ltr'>efficiunt,</span> <span class='ocrx_word' id='word_1_291' title='bbox 1834 2869 1922 2909; x_wconf 86' lang='lat' dir='ltr'>sic:</span> <span class='ocrx_word' id='word_1_292' title='bbox 1958 2869 2120 2910; x_wconf 81' lang='lat' dir='ltr'>terruit</span> 
     </span>
    </p>
   </div>
   <div class='ocr_carea' id='block_1_7' title="bbox 238 2985 409 2988">
    <p class='ocr_par' dir='ltr' id='par_1_9' title="bbox 238 2985 409 2988">
     <span class='ocr_line' id='line_1_35' title="bbox 238 2985 409 2988; baseline 0 0"><span class='ocrx_word' id='word_1_293' title='bbox 238 2985 409 2988; x_wconf 95' lang='lat' dir='ltr'> </span> 
     </span>
    </p>
   </div>
   <div class='ocr_carea' id='block_1_8' title="bbox 207 3061 2120 3755">
    <p class='ocr_par' dir='ltr' id='par_1_10' title="bbox 207 3061 2119 3473">
     <span class='ocr_line' id='line_1_36' title="bbox 349 3061 2116 3116; baseline 0 -10"><span class='ocrx_word' id='word_1_294' title='bbox 349 3061 451 3107; x_wconf 83' lang='lat'>516</span> <span class='ocrx_word' id='word_1_295' title='bbox 490 3061 626 3116; x_wconf 66' lang='lat' dir='ltr'>multa</span> <span class='ocrx_word' id='word_1_296' title='bbox 665 3062 867 3108; x_wconf 79' lang='lat' dir='ltr'>Botln‘us</span> <span class='ocrx_word' id='word_1_297' title='bbox 907 3063 931 3107; x_wconf 90' lang='lat'>1</span> <span class='ocrx_word' id='word_1_298' title='bbox 980 3069 1029 3107; x_wconf 80' lang='lat' dir='ltr'>ut</span> <span class='ocrx_word' id='word_1_299' title='bbox 1065 3063 1180 3107; x_wconf 80' lang='lat' dir='ltr'>libri</span> <span class='ocrx_word' id='word_1_300' title='bbox 1223 3068 1293 3108; x_wconf 83' lang='lat' dir='ltr'>tot</span> <span class='ocrx_word' id='word_1_301' title='bbox 1345 3063 1535 3108; x_wconf 79' lang='lat' dir='ltr'>Vossius</span> <span class='ocrx_word' id='word_1_302' title='bbox 1584 3069 1652 3107; x_wconf 79' lang='lat' dir='ltr'>sat</span> <span class='ocrx_word' id='word_1_303' title='bbox 1692 3063 1895 3108; x_wconf 75' lang='lat' dir='ltr'>Bothe&#39;us</span> <span class='ocrx_word' id='word_1_304' title='bbox 1934 3061 1962 3106; x_wconf 77' lang='lat'>‘2</span> <span class='ocrx_word' id='word_1_305' title='bbox 2012 3062 2116 3106; x_wconf 81' lang='lat' dir='ltr'>mihi</span> 
     </span>
     <span class='ocr_line' id='line_1_37' title="bbox 207 3133 2119 3192; baseline -0.001 -15"><span class='ocrx_word' id='word_1_306' title='bbox 207 3134 316 3178; x_wconf 79' lang='lat' dir='ltr'>olim</span> <span class='ocrx_word' id='word_1_307' title='bbox 353 3135 666 3188; x_wconf 74' lang='lat' dir='ltr'>scripseram.</span> <span class='ocrx_word' id='word_1_308' title='bbox 706 3139 780 3177; x_wconf 81' lang='lat' dir='ltr'>tua</span> <span class='ocrx_word' id='word_1_309' title='bbox 820 3136 942 3179; x_wconf 86' lang='lat' dir='ltr'>com&#39;.</span> <span class='ocrx_word' id='word_1_310' title='bbox 977 3133 1312 3178; x_wconf 67' lang='lat' dir='ltr'>Buecheler-us</span> <span class='ocrx_word' id='word_1_311' title='bbox 1445 3133 1545 3179; x_wconf 87' lang='lat'>517</span> <span class='ocrx_word' id='word_1_312' title='bbox 1586 3146 1771 3192; x_wconf 83' lang='lat' dir='ltr'>squamc</span> <span class='ocrx_word' id='word_1_313' title='bbox 1811 3134 1938 3178; x_wconf 76' lang='lat' dir='ltr'>Rou.</span> <span class='ocrx_word' id='word_1_314' title='bbox 1980 3133 2119 3178; x_wconf 78' lang='lat' dir='ltr'>Gellii</span> 
     </span>
     <span class='ocr_line' id='line_1_38' title="bbox 207 3200 2116 3263; baseline 0 -16"><span class='ocrx_word' id='word_1_315' title='bbox 207 3216 390 3262; x_wconf 76' lang='lat' dir='ltr'>squama</span> <span class='ocrx_word' id='word_1_316' title='bbox 419 3202 603 3248; x_wconf 73' lang='lat' dir='ltr'>Nonius</span> <span class='ocrx_word' id='word_1_317' title='bbox 732 3202 954 3262; x_wconf 80' lang='lat' dir='ltr'>squallido</span> <span class='ocrx_word' id='word_1_318' title='bbox 994 3203 1173 3248; x_wconf 75' lang='lat' dir='ltr'>Gellius</span> <span class='ocrx_word' id='word_1_319' title='bbox 1210 3200 1441 3263; x_wconf 82' lang='lat' dir='ltr'>squalidae</span> <span class='ocrx_word' id='word_1_320' title='bbox 1481 3203 1673 3249; x_wconf 77' lang='lat' dir='ltr'>Vossius</span> <span class='ocrx_word' id='word_1_321' title='bbox 1828 3203 1929 3248; x_wconf 75' lang='lat'>518</span> <span class='ocrx_word' id='word_1_322' title='bbox 1971 3210 2116 3247; x_wconf 74' lang='lat' dir='ltr'>textae</span> 
     </span>
     <span class='ocr_line' id='line_1_39' title="bbox 211 3272 2115 3333; baseline -0.001 -17"><span class='ocrx_word' id='word_1_323' title='bbox 211 3273 394 3318; x_wconf 78' lang='lat' dir='ltr'>Nonius</span> <span class='ocrx_word' id='word_1_324' title='bbox 436 3279 558 3317; x_wconf 77' lang='lat' dir='ltr'>texte</span> <span class='ocrx_word' id='word_1_325' title='bbox 601 3273 702 3318; x_wconf 63' lang='grc' dir='ltr'>γαί.</span> <span class='ocrx_word' id='word_1_326' title='bbox 730 3274 857 3318; x_wconf 76' lang='lat' dir='ltr'>Rott.</span> <span class='ocrx_word' id='word_1_327' title='bbox 887 3274 1006 3333; x_wconf 72' lang='lat' dir='ltr'>Rey.</span> <span class='ocrx_word' id='word_1_328' title='bbox 1036 3272 1172 3318; x_wconf 79' lang='lat'>5765</span> <span class='ocrx_word' id='word_1_329' title='bbox 1203 3273 1341 3319; x_wconf 73' lang='lat' dir='ltr'>Gellii</span> <span class='ocrx_word' id='word_1_330' title='bbox 1375 3281 1606 3333; x_wconf 66' lang='lat' dir='ltr'>poi-textae</span> <span class='ocrx_word' id='word_1_331' title='bbox 1635 3274 1866 3319; x_wconf 68' lang='lat' dir='ltr'>Her-tzius</span> <span class='ocrx_word' id='word_1_332' title='bbox 2008 3286 2115 3315; x_wconf 74' lang='lat' dir='ltr'>miro</span> 
     </span>
     <span class='ocr_line' id='line_1_40' title="bbox 208 3342 2117 3402; baseline 0 -15"><span class='ocrx_word' id='word_1_333' title='bbox 208 3348 358 3388; x_wconf 79' lang='lat' dir='ltr'>textae</span> <span class='ocrx_word' id='word_1_334' title='bbox 396 3349 441 3387; x_wconf 79' lang='lat' dir='ltr'>et</span> <span class='ocrx_word' id='word_1_335' title='bbox 478 3356 676 3402; x_wconf 82' lang='lat' dir='ltr'>purpura</span> <span class='ocrx_word' id='word_1_336' title='bbox 715 3344 920 3389; x_wconf 75' lang='lat' dir='ltr'>Bothius</span> <span class='ocrx_word' id='word_1_337' title='bbox 947 3342 977 3387; x_wconf 78' lang='lat'>2</span> <span class='ocrx_word' id='word_1_338' title='bbox 1123 3343 1223 3389; x_wconf 81' lang='lat'>519</span> <span class='ocrx_word' id='word_1_339' title='bbox 1265 3344 1366 3388; x_wconf 85' lang='lat' dir='ltr'>hinc</span> <span class='ocrx_word' id='word_1_340' title='bbox 1405 3343 1499 3389; x_wconf 82' lang='lat' dir='ltr'>hirc</span> <span class='ocrx_word' id='word_1_341' title='bbox 1538 3345 1596 3387; x_wconf 84' lang='lat' dir='ltr'><em>W</em></span> <span class='ocrx_word' id='word_1_342' title='bbox 1726 3343 1875 3387; x_wconf 80' lang='lat' dir='ltr'>lauerc</span> <span class='ocrx_word' id='word_1_343' title='bbox 1916 3342 2117 3387; x_wconf 76' lang='lat' dir='ltr'>Rothius</span> 
     </span>
     <span class='ocr_line' id='line_1_41' title="bbox 208 3411 2109 3473; baseline -0.001 -16"><span class='ocrx_word' id='word_1_344' title='bbox 208 3411 359 3472; x_wconf 78' lang='lat' dir='ltr'>laperc</span> <span class='ocrx_word' id='word_1_345' title='bbox 395 3413 509 3457; x_wconf 79' lang='lat' dir='ltr'>libri</span> <span class='ocrx_word' id='word_1_346' title='bbox 544 3426 701 3472; x_wconf 76' lang='lat' dir='ltr'>rapere</span> <span class='ocrx_word' id='word_1_347' title='bbox 729 3415 831 3459; x_wconf 77' lang='lat' dir='ltr'>edd.</span> <span class='ocrx_word' id='word_1_348' title='bbox 860 3427 1018 3473; x_wconf 81' lang='lat' dir='ltr'>capere</span> <span class='ocrx_word' id='word_1_349' title='bbox 1043 3413 1493 3470; x_wconf 76' lang='lat' dir='ltr'>Buecheler-us,·L.</span> <span class='ocrx_word' id='word_1_350' title='bbox 1522 3414 1730 3459; x_wconf 78' lang='lat' dir='ltr'>Mueller</span> <span class='ocrx_word' id='word_1_351' title='bbox 1764 3415 1821 3457; x_wconf 76' lang='lat' dir='ltr'>de</span> <span class='ocrx_word' id='word_1_352' title='bbox 1848 3425 1901 3457; x_wconf 80' lang='lat' dir='ltr'>re</span> <span class='ocrx_word' id='word_1_353' title='bbox 1928 3427 1985 3455; x_wconf 86' lang='lat' dir='ltr'>m.</span> <span class='ocrx_word' id='word_1_354' title='bbox 2014 3411 2109 3456; x_wconf 79' lang='lat'>4⁶21</span> 
     </span>
    </p>

    <p class='ocr_par' dir='ltr' id='par_1_11' title="bbox 208 3481 2120 3755">
     <span class='ocr_line' id='line_1_42' title="bbox 350 3481 2116 3541; baseline -0.001 -14"><span class='ocrx_word' id='word_1_355' title='bbox 350 3481 470 3527; x_wconf 80' lang='lat' dir='ltr'>laeto</span> <span class='ocrx_word' id='word_1_356' title='bbox 510 3484 678 3528; x_wconf 79' lang='lat' dir='ltr'><strong><em>Bamb.</em></strong></span> <span class='ocrx_word' id='word_1_357' title='bbox 718 3483 834 3532; x_wconf 78' lang='lat' dir='ltr'>leto.</span> <span class='ocrx_word' id='word_1_358' title='bbox 884 3498 908 3528; x_wconf 93' lang='lat' dir='ltr'>c</span> <span class='ocrx_word' id='word_1_359' title='bbox 942 3497 1223 3541; x_wconf 64' lang='lat' dir='ltr'>suprascr„</span> <span class='ocrx_word' id='word_1_360' title='bbox 1262 3484 1392 3529; x_wconf 78' lang='lat' dir='ltr'>Leid.</span> <span class='ocrx_word' id='word_1_361' title='bbox 1434 3484 1551 3528; x_wconf 69' lang='lat' dir='ltr'>lecto</span> <span class='ocrx_word' id='word_1_362' title='bbox 1591 3485 1650 3527; x_wconf 87' lang='lat' dir='ltr'><em>W</em></span> <span class='ocrx_word' id='word_1_363' title='bbox 1800 3482 1903 3527; x_wconf 79' lang='lat'>520</span> <span class='ocrx_word' id='word_1_364' title='bbox 1940 3481 2116 3540; x_wconf 76' lang='lat' dir='ltr'>prodite</span> 
     </span>
     <span class='ocr_line' id='line_1_43' title="bbox 213 3551 2120 3612; baseline 0.001 -16"><span class='ocrx_word' id='word_1_365' title='bbox 213 3551 371 3610; x_wconf 73' lang='lat' dir='ltr'>Guelf.</span> <span class='ocrx_word' id='word_1_366' title='bbox 399 3553 425 3597; x_wconf 84' lang='lat' dir='ltr'><strong><em>b</em></strong></span> <span class='ocrx_word' id='word_1_367' title='bbox 451 3552 612 3598; x_wconf 78' lang='lat' dir='ltr'>Brem.</span> <span class='ocrx_word' id='word_1_368' title='bbox 640 3555 841 3612; x_wconf 80' lang='lat' dir='ltr'>Apulei,</span> <span class='ocrx_word' id='word_1_369' title='bbox 880 3553 1195 3598; x_wconf 75' lang='lat' dir='ltr'>Her-mannus</span> <span class='ocrx_word' id='word_1_370' title='bbox 1236 3554 1408 3612; x_wconf 81' lang='lat' dir='ltr'>Opusc.</span> <span class='ocrx_word' id='word_1_371' title='bbox 1446 3555 1531 3600; x_wconf 86' lang='lat' dir='ltr'>III</span> <span class='ocrx_word' id='word_1_372' title='bbox 1560 3554 1684 3609; x_wconf 75' lang='lat'>116,</span> <span class='ocrx_word' id='word_1_373' title='bbox 1724 3567 1810 3597; x_wconf 85' lang='lat' dir='ltr'>om.</span> <span class='ocrx_word' id='word_1_374' title='bbox 1849 3552 2120 3597; x_wconf 80' lang='lat' dir='ltr'>Florentini</span> 
     </span>
     <span class='ocr_line' id='line_1_44' title="bbox 208 3619 2113 3682; baseline 0.001 -18"><span class='ocrx_word' id='word_1_375' title='bbox 208 3619 331 3679; x_wconf 64' lang='lat' dir='ltr'>fidite</span> <span class='ocrx_word' id='word_1_376' title='bbox 369 3619 579 3668; x_wconf 73' lang='lat' dir='ltr'>Charisii</span> <span class='ocrx_word' id='word_1_377' title='bbox 623 3625 724 3669; x_wconf 70' lang='lat' dir='ltr'>eod.</span> <span class='ocrx_word' id='word_1_378' title='bbox 764 3623 963 3682; x_wconf 82' lang='lat' dir='ltr'>praedite</span> <span class='ocrx_word' id='word_1_379' title='bbox 1009 3637 1114 3668; x_wconf 83' lang='lat' dir='ltr'>cum</span> <span class='ocrx_word' id='word_1_380' title='bbox 1163 3627 1338 3670; x_wconf 77' lang='lat' dir='ltr'>ceteris</span> <span class='ocrx_word' id='word_1_381' title='bbox 1376 3624 1620 3682; x_wconf 70' lang='lat' dir='ltr'>Berylcius</span> <span class='ocrx_word' id='word_1_382' title='bbox 1666 3623 1770 3667; x_wconf 84' lang='lat' dir='ltr'>Ind.</span> <span class='ocrx_word' id='word_1_383' title='bbox 1808 3624 1916 3666; x_wconf 76' lang='lat' dir='ltr'>lect.</span> <span class='ocrx_word' id='word_1_384' title='bbox 1957 3622 2113 3667; x_wconf 79' lang='lat' dir='ltr'>Marb.</span> 
     </span>
     <span class='ocr_line' id='line_1_45' title="bbox 212 3687 1919 3755; baseline 0.002 -21"><span class='ocrx_word' id='word_1_385' title='bbox 212 3690 305 3735; x_wconf 71' lang='lat' dir='ltr'>kib.</span> <span class='ocrx_word' id='word_1_386' title='bbox 339 3689 472 3737; x_wconf 83' lang='lat'>1843</span> <span class='ocrx_word' id='word_1_387' title='bbox 503 3707 553 3750; x_wconf 79' lang='lat' dir='ltr'>p.</span> <span class='ocrx_word' id='word_1_388' title='bbox 592 3693 629 3737; x_wconf 82' lang='lat' dir='ltr'><em>V</em></span> <span class='ocrx_word' id='word_1_389' title='bbox 731 3687 899 3755; x_wconf 78' lang='lat' dir='ltr'>patria]</span> <span class='ocrx_word' id='word_1_390' title='bbox 939 3692 1083 3738; x_wconf 84' lang='lat' dir='ltr'>forma</span> <span class='ocrx_word' id='word_1_391' title='bbox 1124 3693 1524 3751; x_wconf 71' lang='lat' dir='ltr'>Sarisbere‘ensis,</span> <span class='ocrx_word' id='word_1_392' title='bbox 1564 3692 1807 3750; x_wconf 74' lang='lat' dir='ltr'>Berykius</span> <span class='ocrx_word' id='word_1_393' title='bbox 1830 3694 1860 3737; x_wconf 83' lang='lat' dir='ltr'>l.</span> <span class='ocrx_word' id='word_1_394' title='bbox 1888 3694 1919 3737; x_wconf 84' lang='lat' dir='ltr'>l.</span> 
     </span>
    </p>
   </div>
   <div class='ocr_carea' id='block_1_9' title="bbox 1755 3842 2294 3844">
    <p class='ocr_par' dir='ltr' id='par_1_12' title="bbox 1755 3842 2294 3844">
     <span class='ocr_line' id='line_1_46' title="bbox 1755 3842 2294 3844; baseline 0 0"><span class='ocrx_word' id='word_1_395' title='bbox 1755 3842 2294 3844; x_wconf 95' lang='lat' dir='ltr'> </span> 
     </span>
    </p>
   </div>
  </div>
 </body>
</html>
