<?xml version="1.0" encoding="UTF-8"?>
<!DOCTYPE html PUBLIC "-//W3C//DTD XHTML 1.0 Transitional//EN"
    "http://www.w3.org/TR/xhtml1/DTD/xhtml1-transitional.dtd">
<html xmlns="http://www.w3.org/1999/xhtml" xml:lang="en" lang="en">
 <head>
  <title>
</title>
<meta http-equiv="Content-Type" content="text/html;charset=utf-8" />
  <meta name='ocr-system' content='tesseract 3.04.00' />
  <meta name='ocr-capabilities' content='ocr_page ocr_carea ocr_par ocr_line ocrx_word'/>
</head>
<body>
  <div class='ocr_page' id='page_1' title='image "./scaenicaeromano01ribbuoft_0196.png"; bbox 0 0 2294 3844; ppageno 0'>
   <div class='ocr_carea' id='block_1_1' title="bbox 205 237 1344 288">
    <p class='ocr_par' dir='ltr' id='par_1_1' title="bbox 205 237 1344 288">
     <span class='ocr_line' id='line_1_1' title="bbox 205 237 1344 288; baseline -0.002 -10"><span class='ocrx_word' id='word_1_1' title='bbox 205 237 271 288; x_wconf 72' lang='lat'>93</span> <span class='ocrx_word' id='word_1_2' title='bbox 954 239 1014 278; x_wconf 87' lang='grc' dir='ltr'>Μ.</span> <span class='ocrx_word' id='word_1_3' title='bbox 1046 237 1344 278; x_wconf 82' lang='lat' dir='ltr'>PACVVIVS</span> 
     </span>
    </p>
   </div>
   <div class='ocr_carea' id='block_1_2' title="bbox 211 363 2036 1776">
    <p class='ocr_par' dir='ltr' id='par_1_2' title="bbox 211 363 2036 1776">
     <span class='ocr_line' id='line_1_2' title="bbox 1046 363 1274 435; baseline 0.004 -18"><span class='ocrx_word' id='word_1_4' title='bbox 1046 366 1151 418; x_wconf 90' lang='lat' dir='ltr'>XII</span> <span class='ocrx_word' id='word_1_5' title='bbox 1192 363 1274 435; x_wconf 98' lang='grc'>(8)</span> 
     </span>
     <span class='ocr_line' id='line_1_3' title="bbox 211 459 1533 529; baseline -0.002 -15"><span class='ocrx_word' id='word_1_6' title='bbox 211 466 312 515; x_wconf 74' lang='grc' dir='ltr'>1ῖῶ</span> <span class='ocrx_word' id='word_1_7' title='bbox 354 463 640 515; x_wconf 72' lang='lat' dir='ltr'>Lamentas</span> <span class='ocrx_word' id='word_1_8' title='bbox 680 463 836 515; x_wconf 75' lang='lat' dir='ltr'>fietus</span> <span class='ocrx_word' id='word_1_9' title='bbox 877 465 1049 514; x_wconf 66' lang='lat' dir='ltr'>faicere</span> <span class='ocrx_word' id='word_1_10' title='bbox 1091 459 1359 529; x_wconf 73' lang='lat' dir='ltr'>conpendi</span> <span class='ocrx_word' id='word_1_11' title='bbox 1396 461 1533 512; x_wconf 75' lang='lat' dir='ltr'>lieet.</span> 
     </span>
     <span class='ocr_line' id='line_1_4' title="bbox 351 653 1842 721; baseline -0.002 -15"><span class='ocrx_word' id='word_1_12' title='bbox 351 655 652 706; x_wconf 72' lang='lat' dir='ltr'>Obnoxium</span> <span class='ocrx_word' id='word_1_13' title='bbox 693 673 804 706; x_wconf 78' lang='lat' dir='ltr'>esse</span> <span class='ocrx_word' id='word_1_14' title='bbox 847 658 939 706; x_wconf 74' lang='lat' dir='ltr'>aut</span> <span class='ocrx_word' id='word_1_15' title='bbox 977 655 1193 705; x_wconf 71' lang='lat' dir='ltr'>hristum</span> <span class='ocrx_word' id='word_1_16' title='bbox 1235 656 1327 704; x_wconf 69' lang='lat' dir='ltr'>aut</span> <span class='ocrx_word' id='word_1_17' title='bbox 1366 653 1634 721; x_wconf 75' lang='lat' dir='ltr'>elinguem</span> <span class='ocrx_word' id='word_1_18' title='bbox 1674 656 1842 721; x_wconf 77' lang='lat' dir='ltr'>putes.</span> 
     </span>
     <span class='ocr_line' id='line_1_5' title="bbox 1011 747 1304 818; baseline -0.003 -17"><span class='ocrx_word' id='word_1_19' title='bbox 1011 750 1141 801; x_wconf 80' lang='lat' dir='ltr'>XIV</span> <span class='ocrx_word' id='word_1_20' title='bbox 1185 747 1304 818; x_wconf 91' lang='grc'>(17)</span> 
     </span>
     <span class='ocr_line' id='line_1_6' title="bbox 354 844 1892 914; baseline -0.003 -16"><span class='ocrx_word' id='word_1_21' title='bbox 354 848 412 898; x_wconf 80' lang='lat' dir='ltr'>‘O</span> <span class='ocrx_word' id='word_1_22' title='bbox 453 848 737 898; x_wconf 79' lang='lat' dir='ltr'>flexanima</span> <span class='ocrx_word' id='word_1_23' title='bbox 781 851 938 914; x_wconf 73' lang='lat' dir='ltr'>atque</span> <span class='ocrx_word' id='word_1_24' title='bbox 980 847 1217 897; x_wconf 74' lang='lat' dir='ltr'>omnium</span> <span class='ocrx_word' id='word_1_25' title='bbox 1257 844 1445 913; x_wconf 70' lang='lat' dir='ltr'>regina</span> <span class='ocrx_word' id='word_1_26' title='bbox 1485 863 1661 896; x_wconf 85' lang='lat' dir='ltr'>rerum</span> <span class='ocrx_word' id='word_1_27' title='bbox 1702 845 1892 895; x_wconf 53' lang='lat' dir='ltr'>oratio!</span> 
     </span>
     <span class='ocr_line' id='line_1_7' title="bbox 352 1035 2036 1105; baseline -0.002 -16"><span class='ocrx_word' id='word_1_28' title='bbox 352 1038 722 1105; x_wconf 63' lang='lat' dir='ltr'>Quzin&#39;tamque</span> <span class='ocrx_word' id='word_1_29' title='bbox 773 1057 834 1088; x_wconf 79' lang='lat' dir='ltr'>ex</span> <span class='ocrx_word' id='word_1_30' title='bbox 875 1038 1215 1089; x_wconf 73' lang='lat' dir='ltr'>discorditate</span> <span class='ocrx_word' id='word_1_31' title='bbox 1257 1038 1459 1089; x_wconf 73' lang='lat' dir='ltr'>chidem</span> <span class='ocrx_word' id='word_1_32' title='bbox 1498 1037 1764 1104; x_wconf 73' lang='lat' dir='ltr'>inportem</span> <span class='ocrx_word' id='word_1_33' title='bbox 1804 1035 2036 1087; x_wconf 53' lang='lat' dir='ltr'>familiae</span> 
     </span>
     <span class='ocr_line' id='line_1_8' title="bbox 1012 1131 1304 1203; baseline 0 -19"><span class='ocrx_word' id='word_1_34' title='bbox 1012 1133 1144 1186; x_wconf 87' lang='lat' dir='ltr'>XVI</span> <span class='ocrx_word' id='word_1_35' title='bbox 1186 1131 1304 1203; x_wconf 76' lang='lat'>(15)</span> 
     </span>
     <span class='ocr_line' id='line_1_9' title="bbox 349 1226 1817 1298; baseline -0.001 -19"><span class='ocrx_word' id='word_1_36' title='bbox 349 1228 528 1280; x_wconf 75' lang='lat' dir='ltr'>Habet</span> <span class='ocrx_word' id='word_1_37' title='bbox 567 1229 667 1280; x_wconf 75' lang='lat' dir='ltr'>hoc</span> <span class='ocrx_word' id='word_1_38' title='bbox 712 1233 959 1280; x_wconf 68' lang='lat' dir='ltr'>senectus</span> <span class='ocrx_word' id='word_1_39' title='bbox 1000 1228 1059 1280; x_wconf 71' lang='lat' dir='ltr'>in</span> <span class='ocrx_word' id='word_1_40' title='bbox 1100 1248 1175 1298; x_wconf 74' lang='lat' dir='ltr'>se,</span> <span class='ocrx_word' id='word_1_41' title='bbox 1216 1247 1335 1280; x_wconf 78' lang='lat' dir='ltr'>cum</span> <span class='ocrx_word' id='word_1_42' title='bbox 1375 1229 1530 1297; x_wconf 78' lang='lat' dir='ltr'>pigra</span> <span class='ocrx_word' id='word_1_43' title='bbox 1570 1226 1688 1296; x_wconf 71' lang='lat' dir='ltr'>ipsa</span> <span class='ocrx_word' id='word_1_44' title='bbox 1728 1229 1817 1297; x_wconf 74' lang='lat' dir='ltr'>sit,</span> 
     </span>
     <span class='ocr_line' id='line_1_10' title="bbox 216 1323 1551 1393; baseline -0.001 -18"><span class='ocrx_word' id='word_1_45' title='bbox 216 1326 319 1376; x_wconf 77' lang='grc'>180</span> <span class='ocrx_word' id='word_1_46' title='bbox 361 1324 538 1393; x_wconf 49' lang='grc'>8111356</span> <span class='ocrx_word' id='word_1_47' title='bbox 581 1329 640 1376; x_wconf 57' lang='lat' dir='ltr'>iit</span> <span class='ocrx_word' id='word_1_48' title='bbox 679 1326 964 1376; x_wconf 77' lang='lat' dir='ltr'>uideantur</span> <span class='ocrx_word' id='word_1_49' title='bbox 1005 1325 1184 1375; x_wconf 70' lang='lat' dir='ltr'>omnia</span> <span class='ocrx_word' id='word_1_50' title='bbox 1225 1325 1271 1376; x_wconf 87' lang='lat' dir='ltr'>ei</span> <span class='ocrx_word' id='word_1_51' title='bbox 1313 1323 1551 1376; x_wconf 73' lang='lat' dir='ltr'>confieri.</span> 
     </span>
     <span class='ocr_line' id='line_1_11' title="bbox 994 1418 1316 1490; baseline -0.003 -19"><span class='ocrx_word' id='word_1_52' title='bbox 994 1419 1154 1471; x_wconf 88' lang='lat' dir='ltr'>XVII</span> <span class='ocrx_word' id='word_1_53' title='bbox 1196 1418 1316 1490; x_wconf 77' lang='grc'>(20)</span> 
     </span>
     <span class='ocr_line' id='line_1_12' title="bbox 350 1515 1474 1585; baseline -0.001 -18"><span class='ocrx_word' id='word_1_54' title='bbox 350 1515 542 1568; x_wconf 71' lang='lat' dir='ltr'>Paucis</span> <span class='ocrx_word' id='word_1_55' title='bbox 585 1517 837 1585; x_wconf 72' lang='lat' dir='ltr'>absoluit,</span> <span class='ocrx_word' id='word_1_56' title='bbox 877 1518 944 1568; x_wconf 79' lang='lat' dir='ltr'>ne</span> <span class='ocrx_word' id='word_1_57' title='bbox 985 1519 1221 1568; x_wconf 72' lang='lat' dir='ltr'>moraret</span> <span class='ocrx_word' id='word_1_58' title='bbox 1261 1516 1474 1567; x_wconf 62' lang='lat' dir='ltr'>(lintius.</span> 
     </span>
     <span class='ocr_line' id='line_1_13' title="bbox 353 1707 1344 1776; baseline -0.001 -17"><span class='ocrx_word' id='word_1_59' title='bbox 353 1751 362 1759; x_wconf 92' lang='lat'><strong>.</strong></span> <span class='ocrx_word' id='word_1_60' title='bbox 405 1751 414 1759; x_wconf 96' lang='lat'>.</span> <span class='ocrx_word' id='word_1_61' title='bbox 457 1709 740 1761; x_wconf 76' lang='lat' dir='ltr'>Tundareo</span> <span class='ocrx_word' id='word_1_62' title='bbox 781 1707 903 1760; x_wconf 70' lang='lat' dir='ltr'>fieri</span> <span class='ocrx_word' id='word_1_63' title='bbox 944 1708 1344 1776; x_wconf 72' lang='lat' dir='ltr'>contumeliam,</span> 
     </span>
    </p>
   </div>
   <div class='ocr_carea' id='block_1_3' title="bbox 353 1803 1262 1873">
    <p class='ocr_par' dir='ltr' id='par_1_3' title="bbox 353 1803 1262 1873">
     <span class='ocr_line' id='line_1_14' title="bbox 353 1803 1262 1873; baseline 0 -17"><span class='ocrx_word' id='word_1_64' title='bbox 353 1803 514 1856; x_wconf 79' lang='lat' dir='ltr'>Cuius</span> <span class='ocrx_word' id='word_1_65' title='bbox 556 1807 708 1873; x_wconf 52' lang='lat' dir='ltr'>peter</span> <span class='ocrx_word' id='word_1_66' title='bbox 748 1808 963 1856; x_wconf 72' lang='lat' dir='ltr'>ueretur</span> <span class='ocrx_word' id='word_1_67' title='bbox 1002 1806 1262 1856; x_wconf 50' lang='lat' dir='ltr'>maxume.</span> 
     </span>
    </p>
   </div>
   <div class='ocr_carea' id='block_1_4' title="bbox 204 1920 2114 2706">
    <p class='ocr_par' dir='ltr' id='par_1_4' title="bbox 204 1920 2114 2538">
     <span class='ocr_line' id='line_1_15' title="bbox 323 1920 2112 1975; baseline 0 -13"><span class='ocrx_word' id='word_1_68' title='bbox 323 1924 409 1963; x_wconf 85' lang='lat' dir='ltr'>XII</span> <span class='ocrx_word' id='word_1_69' title='bbox 440 1925 553 1965; x_wconf 89' lang='lat' dir='ltr'>Non.</span> <span class='ocrx_word' id='word_1_70' title='bbox 588 1926 682 1973; x_wconf 76' lang='lat'>132,</span> <span class='ocrx_word' id='word_1_71' title='bbox 714 1926 768 1964; x_wconf 76' lang='lat'>29</span> <span class='ocrx_word' id='word_1_72' title='bbox 801 1923 1113 1964; x_wconf 71' lang='lat' dir='ltr'>‘lamentas</span> <span class='ocrx_word' id='word_1_73' title='bbox 1144 1936 1223 1975; x_wconf 87' lang='lat' dir='ltr'>pro</span> <span class='ocrx_word' id='word_1_74' title='bbox 1257 1921 1650 1965; x_wconf 56' lang='lat' dir='ltr'>lamentationes]</span> <span class='ocrx_word' id='word_1_75' title='bbox 1766 1921 1876 1961; x_wconf 91' lang='lat' dir='ltr'>XIII</span> <span class='ocrx_word' id='word_1_76' title='bbox 1905 1920 2021 1962; x_wconf 86' lang='lat' dir='ltr'>Non.</span> <span class='ocrx_word' id='word_1_77' title='bbox 2044 1923 2112 1971; x_wconf 83' lang='lat'>77,</span> 
     </span>
     <span class='ocr_line' id='line_1_16' title="bbox 205 1978 1991 2021; baseline -0.002 -1"><span class='ocrx_word' id='word_1_78' title='bbox 205 1983 257 2021; x_wconf 88' lang='grc'>33</span> <span class='ocrx_word' id='word_1_79' title='bbox 291 1982 530 2020; x_wconf 76' lang='lat' dir='ltr'>‘brutum</span> <span class='ocrx_word' id='word_1_80' title='bbox 566 1980 732 2020; x_wconf 82' lang='lat' dir='ltr'>dieitur</span> <span class='ocrx_word' id='word_1_81' title='bbox 763 1980 903 2021; x_wconf 82' lang='lat' dir='ltr'>hebes</span> <span class='ocrx_word' id='word_1_82' title='bbox 935 1984 981 2020; x_wconf 80' lang='lat' dir='ltr'>et</span> <span class='ocrx_word' id='word_1_83' title='bbox 1025 1980 1234 2019; x_wconf 83' lang='lat' dir='ltr'>obtusum</span> <span class='ocrx_word' id='word_1_84' title='bbox 1264 2011 1272 2019; x_wconf 90' lang='lat'><strong>.</strong></span> <span class='ocrx_word' id='word_1_85' title='bbox 1300 2010 1310 2019; x_wconf 91' lang='lat'><strong>.</strong></span> <span class='ocrx_word' id='word_1_86' title='bbox 1337 2010 1344 2018; x_wconf 97' lang='lat'>.</span> <span class='ocrx_word' id='word_1_87' title='bbox 1375 1979 1608 2018; x_wconf 74' lang='lat' dir='ltr'>Pacuuius</span> <span class='ocrx_word' id='word_1_88' title='bbox 1639 1978 1854 2018; x_wconf 87' lang='lat' dir='ltr'>Ermiona</span> <span class='ocrx_word' id='word_1_89' title='bbox 1884 2009 1893 2016; x_wconf 92' lang='lat'><em>.</em></span> <span class='ocrx_word' id='word_1_90' title='bbox 1919 2008 1929 2018; x_wconf 92' lang='lat'><strong>.</strong></span> <span class='ocrx_word' id='word_1_91' title='bbox 1955 1981 1991 2017; x_wconf 77' lang='lat'>,²</span> 
     </span>
     <span class='ocr_line' id='line_1_17' title="bbox 205 2034 2111 2086; baseline -0.002 -11"><span class='ocrx_word' id='word_1_92' title='bbox 205 2036 311 2076; x_wconf 90' lang='lat' dir='ltr'>XIV</span> <span class='ocrx_word' id='word_1_93' title='bbox 342 2037 460 2077; x_wconf 90' lang='lat' dir='ltr'>Non.</span> <span class='ocrx_word' id='word_1_94' title='bbox 495 2039 596 2086; x_wconf 87' lang='lat'>113,</span> <span class='ocrx_word' id='word_1_95' title='bbox 628 2040 681 2077; x_wconf 74' lang='lat'>32</span> <span class='ocrx_word' id='word_1_96' title='bbox 715 2036 1069 2077; x_wconf 77' lang='lat' dir='ltr'>‘flexanima.</span> <span class='ocrx_word' id='word_1_97' title='bbox 1113 2034 1273 2076; x_wconf 85' lang='lat' dir='ltr'>Cicero</span> <span class='ocrx_word' id='word_1_98' title='bbox 1306 2035 1360 2075; x_wconf 89' lang='lat' dir='ltr'>de</span> <span class='ocrx_word' id='word_1_99' title='bbox 1393 2039 1571 2075; x_wconf 83' lang='lat' dir='ltr'>oratore</span> <span class='ocrx_word' id='word_1_100' title='bbox 1605 2034 1682 2075; x_wconf 89' lang='lat' dir='ltr'>lib.</span> <span class='ocrx_word' id='word_1_101' title='bbox 1706 2034 1777 2074; x_wconf 87' lang='lat' dir='ltr'>II:</span> <span class='ocrx_word' id='word_1_102' title='bbox 1810 2038 1988 2074; x_wconf 77' lang='lat' dir='ltr'><strong>tantam</strong></span> <span class='ocrx_word' id='word_1_103' title='bbox 2021 2035 2111 2073; x_wconf 88' lang='lat' dir='ltr'>uim</span> 
     </span>
     <span class='ocr_line' id='line_1_18' title="bbox 204 2091 2113 2145; baseline 0.001 -13"><span class='ocrx_word' id='word_1_104' title='bbox 204 2093 345 2133; x_wconf 84' lang='lat' dir='ltr'>habet</span> <span class='ocrx_word' id='word_1_105' title='bbox 385 2092 490 2143; x_wconf 83' lang='lat' dir='ltr'>illa,</span> <span class='ocrx_word' id='word_1_106' title='bbox 534 2106 650 2145; x_wconf 80' lang='lat' dir='ltr'>quae</span> <span class='ocrx_word' id='word_1_107' title='bbox 691 2097 817 2132; x_wconf 82' lang='lat' dir='ltr'>recte</span> <span class='ocrx_word' id='word_1_108' title='bbox 860 2106 886 2132; x_wconf 83' lang='lat' dir='ltr'>a</span> <span class='ocrx_word' id='word_1_109' title='bbox 926 2094 1043 2132; x_wconf 92' lang='lat' dir='ltr'>bono</span> <span class='ocrx_word' id='word_1_110' title='bbox 1082 2096 1217 2145; x_wconf 82' lang='lat' dir='ltr'>poeta</span> <span class='ocrx_word' id='word_1_111' title='bbox 1257 2092 1383 2132; x_wconf 82' lang='lat' dir='ltr'>dicta</span> <span class='ocrx_word' id='word_1_112' title='bbox 1424 2095 1494 2130; x_wconf 82' lang='lat' dir='ltr'>est</span> <span class='ocrx_word' id='word_1_113' title='bbox 1533 2091 1868 2130; x_wconf 78' lang='lat' dir='ltr'>‘flexanima’</span> <span class='ocrx_word' id='word_1_114' title='bbox 1911 2104 1946 2131; x_wconf 84' lang='lat' dir='ltr'>e.</span> <span class='ocrx_word' id='word_1_115' title='bbox 1994 2103 2034 2142; x_wconf 93' lang='lat' dir='ltr'>q.</span> <span class='ocrx_word' id='word_1_116' title='bbox 2077 2103 2113 2133; x_wconf 85' lang='lat' dir='ltr'>S.</span> 
     </span>
     <span class='ocr_line' id='line_1_19' title="bbox 205 2147 2113 2199; baseline -0.001 -11"><span class='ocrx_word' id='word_1_117' title='bbox 205 2150 461 2188; x_wconf 84' lang='lat' dir='ltr'>‘Pacuuius</span> <span class='ocrx_word' id='word_1_118' title='bbox 496 2150 742 2189; x_wconf 78' lang='lat' dir='ltr'>Hermiona</span> <span class='ocrx_word' id='word_1_119' title='bbox 781 2180 789 2189; x_wconf 93' lang='lat'><strong>.</strong></span> <span class='ocrx_word' id='word_1_120' title='bbox 822 2180 832 2190; x_wconf 82' lang='grc'><strong>.</strong></span> <span class='ocrx_word' id='word_1_121' title='bbox 870 2153 905 2189; x_wconf 79' lang='grc'>.’</span> <span class='ocrx_word' id='word_1_122' title='bbox 967 2150 1128 2189; x_wconf 84' lang='lat' dir='ltr'>Cicero</span> <span class='ocrx_word' id='word_1_123' title='bbox 1170 2149 1223 2188; x_wconf 83' lang='lat' dir='ltr'>de</span> <span class='ocrx_word' id='word_1_124' title='bbox 1256 2152 1370 2190; x_wconf 82' lang='lat' dir='ltr'>orat.</span> <span class='ocrx_word' id='word_1_125' title='bbox 1402 2149 1449 2187; x_wconf 93' lang='lat' dir='ltr'>II</span> <span class='ocrx_word' id='word_1_126' title='bbox 1478 2149 1556 2195; x_wconf 72' lang='lat'>44,</span> <span class='ocrx_word' id='word_1_127' title='bbox 1591 2149 1686 2187; x_wconf 82' lang='lat'>187.</span> <span class='ocrx_word' id='word_1_128' title='bbox 1748 2148 1882 2187; x_wconf 83' lang='lat' dir='ltr'>Tusc.</span> <span class='ocrx_word' id='word_1_129' title='bbox 1917 2147 2032 2199; x_wconf 87' lang='lat' dir='ltr'>disp.</span> <span class='ocrx_word' id='word_1_130' title='bbox 2068 2147 2113 2186; x_wconf 92' lang='lat'>11</span> 
     </span>
     <span class='ocr_line' id='line_1_20' title="bbox 204 2203 2110 2258; baseline -0.002 -13"><span class='ocrx_word' id='word_1_131' title='bbox 204 2208 281 2255; x_wconf 76' lang='lat'>21,</span> <span class='ocrx_word' id='word_1_132' title='bbox 311 2208 365 2245; x_wconf 82' lang='lat'>47</span> <span class='ocrx_word' id='word_1_133' title='bbox 399 2206 508 2245; x_wconf 73' lang='lat' dir='ltr'>‘sed</span> <span class='ocrx_word' id='word_1_134' title='bbox 540 2211 721 2258; x_wconf 82' lang='lat' dir='ltr'>praesto</span> <span class='ocrx_word' id='word_1_135' title='bbox 757 2211 825 2245; x_wconf 84' lang='lat' dir='ltr'>est</span> <span class='ocrx_word' id='word_1_136' title='bbox 866 2206 1084 2245; x_wconf 85' lang='lat' dir='ltr'>domina</span> <span class='ocrx_word' id='word_1_137' title='bbox 1117 2205 1357 2245; x_wconf 88' lang='lat' dir='ltr'>omnium</span> <span class='ocrx_word' id='word_1_138' title='bbox 1395 2208 1447 2243; x_wconf 82' lang='lat' dir='ltr'>et</span> <span class='ocrx_word' id='word_1_139' title='bbox 1487 2205 1686 2255; x_wconf 84' lang='lat' dir='ltr'>regina</span> <span class='ocrx_word' id='word_1_140' title='bbox 1719 2204 1905 2245; x_wconf 83' lang='lat' dir='ltr'>ratio.’</span> <span class='ocrx_word' id='word_1_141' title='bbox 1969 2203 2110 2253; x_wconf 67' lang='lat' dir='ltr'>Quin-</span> 
     </span>
     <span class='ocr_line' id='line_1_21' title="bbox 204 2259 2111 2314; baseline -0.002 -14"><span class='ocrx_word' id='word_1_142' title='bbox 204 2263 394 2301; x_wconf 81' lang='lat' dir='ltr'>tilianus</span> <span class='ocrx_word' id='word_1_143' title='bbox 424 2263 446 2302; x_wconf 95' lang='lat' dir='ltr'>I</span> <span class='ocrx_word' id='word_1_144' title='bbox 471 2264 535 2311; x_wconf 80' lang='lat'>12,</span> <span class='ocrx_word' id='word_1_145' title='bbox 564 2264 614 2302; x_wconf 87' lang='grc'>18</span> <span class='ocrx_word' id='word_1_146' title='bbox 648 2262 834 2314; x_wconf 81' lang='lat' dir='ltr'>‘quique</span> <span class='ocrx_word' id='word_1_147' title='bbox 866 2262 1014 2310; x_wconf 85' lang='lat' dir='ltr'>illam,</span> <span class='ocrx_word' id='word_1_148' title='bbox 1047 2266 1097 2300; x_wconf 83' lang='lat' dir='ltr'>ut</span> <span class='ocrx_word' id='word_1_149' title='bbox 1129 2263 1195 2300; x_wconf 76' lang='lat' dir='ltr'>ait</span> <span class='ocrx_word' id='word_1_150' title='bbox 1227 2274 1316 2300; x_wconf 90' lang='lat' dir='ltr'>non</span> <span class='ocrx_word' id='word_1_151' title='bbox 1349 2260 1564 2312; x_wconf 79' lang='lat' dir='ltr'>ignobilis</span> <span class='ocrx_word' id='word_1_152' title='bbox 1597 2261 1827 2312; x_wconf 81' lang='lat' dir='ltr'>tragicus,</span> <span class='ocrx_word' id='word_1_153' title='bbox 1861 2259 2111 2311; x_wconf 86' lang='lat' dir='ltr'>reginam</span> 
     </span>
     <span class='ocr_line' id='line_1_22' title="bbox 206 2315 2114 2370; baseline -0.001 -14"><span class='ocrx_word' id='word_1_154' title='bbox 206 2331 383 2357; x_wconf 84' lang='lat' dir='ltr'>rerum</span> <span class='ocrx_word' id='word_1_155' title='bbox 417 2320 728 2358; x_wconf 82' lang='lat' dir='ltr'>orationem</span> <span class='ocrx_word' id='word_1_156' title='bbox 767 2322 908 2370; x_wconf 82' lang='lat' dir='ltr'>ponet</span> <span class='ocrx_word' id='word_1_157' title='bbox 939 2324 1045 2358; x_wconf 79' lang='lat' dir='ltr'>ante</span> <span class='ocrx_word' id='word_1_158' title='bbox 1080 2318 1271 2357; x_wconf 57' lang='lat' dir='ltr'>oculos)</span> <span class='ocrx_word' id='word_1_159' title='bbox 1331 2317 1433 2356; x_wconf 91' lang='lat' dir='ltr'>Non</span> <span class='ocrx_word' id='word_1_160' title='bbox 1465 2316 1670 2356; x_wconf 81' lang='lat' dir='ltr'>meminit</span> <span class='ocrx_word' id='word_1_161' title='bbox 1708 2315 1841 2354; x_wconf 86' lang='lat' dir='ltr'>huius</span> <span class='ocrx_word' id='word_1_162' title='bbox 1883 2315 1970 2355; x_wconf 85' lang='lat' dir='ltr'>loci</span> <span class='ocrx_word' id='word_1_163' title='bbox 2005 2317 2114 2356; x_wconf 88' lang='lat' dir='ltr'>Por-</span> 
     </span>
     <span class='ocr_line' id='line_1_23' title="bbox 205 2364 2112 2426; baseline -0.001 -13"><span class='ocrx_word' id='word_1_164' title='bbox 205 2387 341 2413; x_wconf 86' lang='lat' dir='ltr'>sonus</span> <span class='ocrx_word' id='word_1_165' title='bbox 374 2375 606 2426; x_wconf 83' lang='lat' dir='ltr'>Euripidis</span> <span class='ocrx_word' id='word_1_166' title='bbox 640 2375 816 2415; x_wconf 82' lang='lat' dir='ltr'>Hecub.</span> <span class='ocrx_word' id='word_1_167' title='bbox 850 2376 931 2415; x_wconf 86' lang='lat'>816</span> <span class='ocrx_word' id='word_1_168' title='bbox 962 2367 1119 2414; x_wconf 74' lang='grc' dir='ltr'><em>πειθώ</em></span> <span class='ocrx_word' id='word_1_169' title='bbox 1161 2369 1216 2413; x_wconf 75' lang='grc' dir='ltr'>δὲ</span> <span class='ocrx_word' id='word_1_170' title='bbox 1259 2366 1345 2426; x_wconf 81' lang='grc' dir='ltr'>τὴν</span> <span class='ocrx_word' id='word_1_171' title='bbox 1378 2367 1613 2424; x_wconf 82' lang='grc' dir='ltr'><strong><em>τύραννον</em></strong></span> <span class='ocrx_word' id='word_1_172' title='bbox 1646 2364 1921 2422; x_wconf 69' lang='grc' dir='ltr'><em>ἀνθρώποις</em></span> <span class='ocrx_word' id='word_1_173' title='bbox 1959 2365 2112 2425; x_wconf 82' lang='grc' dir='ltr'><strong><em>μόνην</em></strong></span> 
     </span>
     <span class='ocr_line' id='line_1_24' title="bbox 208 2427 2113 2481; baseline 0 -13"><span class='ocrx_word' id='word_1_174' title='bbox 208 2443 234 2469; x_wconf 82' lang='lat' dir='ltr'>a</span> <span class='ocrx_word' id='word_1_175' title='bbox 267 2430 553 2479; x_wconf 75' lang='lat' dir='ltr'>Quintiliano</span> <span class='ocrx_word' id='word_1_176' title='bbox 587 2431 614 2472; x_wconf 93' lang='lat' dir='ltr'>l.</span> <span class='ocrx_word' id='word_1_177' title='bbox 649 2431 674 2469; x_wconf 87' lang='lat' dir='ltr'>l.</span> <span class='ocrx_word' id='word_1_178' title='bbox 712 2429 960 2481; x_wconf 83' lang='lat' dir='ltr'>significari</span> <span class='ocrx_word' id='word_1_179' title='bbox 992 2430 1216 2469; x_wconf 81' lang='lat' dir='ltr'>adnotans</span> <span class='ocrx_word' id='word_1_180' title='bbox 1334 2429 1416 2470; x_wconf 94' lang='lat' dir='ltr'>XV</span> <span class='ocrx_word' id='word_1_181' title='bbox 1446 2428 1561 2469; x_wconf 90' lang='lat' dir='ltr'>Non.</span> <span class='ocrx_word' id='word_1_182' title='bbox 1586 2429 1654 2477; x_wconf 87' lang='grc'>97,</span> <span class='ocrx_word' id='word_1_183' title='bbox 1681 2430 1700 2466; x_wconf 96' lang='grc'>1</span> <span class='ocrx_word' id='word_1_184' title='bbox 1737 2427 2113 2468; x_wconf 70' lang='lat' dir='ltr'>‘discorditas</span> 
     </span>
     <span class='ocr_line' id='line_1_25' title="bbox 204 2484 2111 2538; baseline -0.002 -13"><span class='ocrx_word' id='word_1_185' title='bbox 204 2499 285 2538; x_wconf 88' lang='lat' dir='ltr'>pro</span> <span class='ocrx_word' id='word_1_186' title='bbox 318 2486 578 2527; x_wconf 80' lang='lat' dir='ltr'>discordia.’</span> <span class='ocrx_word' id='word_1_187' title='bbox 724 2487 832 2525; x_wconf 90' lang='lat' dir='ltr'>XVI</span> <span class='ocrx_word' id='word_1_188' title='bbox 864 2487 981 2526; x_wconf 90' lang='lat' dir='ltr'>Non.</span> <span class='ocrx_word' id='word_1_189' title='bbox 1014 2489 1117 2537; x_wconf 84' lang='lat'><strong>393,</strong></span> <span class='ocrx_word' id='word_1_190' title='bbox 1152 2488 1175 2524; x_wconf 84' lang='lat'><strong>2</strong></span> <span class='ocrx_word' id='word_1_191' title='bbox 1217 2484 1742 2537; x_wconf 79' lang='lat' dir='ltr'>‘spissum.signifieat</span> <span class='ocrx_word' id='word_1_192' title='bbox 1772 2484 1900 2523; x_wconf 84' lang='lat' dir='ltr'>tarde</span> <span class='ocrx_word' id='word_1_193' title='bbox 1930 2514 2084 2525; x_wconf 88' lang='grc'><strong>.....</strong></span> <span class='ocrx_word' id='word_1_194' title='bbox 2098 2488 2111 2507; x_wconf 87' lang='lat'>’</span> 
     </span>
    </p>

    <p class='ocr_par' dir='ltr' id='par_1_5' title="bbox 213 2540 2111 2706">
     <span class='ocr_line' id='line_1_26' title="bbox 323 2540 2111 2594; baseline 0 -14"><span class='ocrx_word' id='word_1_195' title='bbox 323 2542 453 2582; x_wconf 85' lang='lat' dir='ltr'>XVII</span> <span class='ocrx_word' id='word_1_196' title='bbox 484 2542 726 2581; x_wconf 66' lang='lat' dir='ltr'>Diomedes</span> <span class='ocrx_word' id='word_1_197' title='bbox 761 2542 780 2580; x_wconf 95' lang='lat' dir='ltr'>I</span> <span class='ocrx_word' id='word_1_198' title='bbox 802 2556 844 2594; x_wconf 91' lang='lat' dir='ltr'>p.</span> <span class='ocrx_word' id='word_1_199' title='bbox 867 2544 949 2582; x_wconf 84' lang='lat'>395</span> <span class='ocrx_word' id='word_1_200' title='bbox 972 2543 1018 2581; x_wconf 92' lang='lat' dir='ltr'>P.</span> <span class='ocrx_word' id='word_1_201' title='bbox 1054 2546 1222 2581; x_wconf 77' lang='lat' dir='ltr'>‘moro</span> <span class='ocrx_word' id='word_1_202' title='bbox 1349 2542 1459 2581; x_wconf 82' lang='lat' dir='ltr'>item</span> <span class='ocrx_word' id='word_1_203' title='bbox 1482 2541 1530 2580; x_wconf 93' lang='lat' dir='ltr'>P.</span> <span class='ocrx_word' id='word_1_204' title='bbox 1563 2541 1609 2579; x_wconf 91' lang='lat' dir='ltr'>in</span> <span class='ocrx_word' id='word_1_205' title='bbox 1641 2540 1966 2580; x_wconf 84' lang='lat' dir='ltr'>Hermione:</span> <span class='ocrx_word' id='word_1_206' title='bbox 2001 2553 2111 2592; x_wconf 85' lang='lat' dir='ltr'>pau-</span> 
     </span>
     <span class='ocr_line' id='line_1_27' title="bbox 213 2595 2102 2651; baseline 0.001 -15"><span class='ocrx_word' id='word_1_207' title='bbox 213 2599 303 2637; x_wconf 87' lang='lat' dir='ltr'>cis’</span> <span class='ocrx_word' id='word_1_208' title='bbox 333 2611 376 2651; x_wconf 23' lang='lat' dir='ltr'>te.</span> <span class='ocrx_word' id='word_1_209' title='bbox 412 2611 453 2650; x_wconf 91' lang='lat' dir='ltr'>q.</span> <span class='ocrx_word' id='word_1_210' title='bbox 487 2611 521 2640; x_wconf 85' lang='lat' dir='ltr'>S.</span> <span class='ocrx_word' id='word_1_211' title='bbox 640 2599 793 2638; x_wconf 83' lang='lat' dir='ltr'>XVIII</span> <span class='ocrx_word' id='word_1_212' title='bbox 826 2600 940 2639; x_wconf 87' lang='lat' dir='ltr'>Non.</span> <span class='ocrx_word' id='word_1_213' title='bbox 971 2599 1075 2647; x_wconf 83' lang='lat'><strong>496,</strong></span> <span class='ocrx_word' id='word_1_214' title='bbox 1109 2600 1163 2637; x_wconf 84' lang='lat'>30</span> <span class='ocrx_word' id='word_1_215' title='bbox 1195 2602 1320 2636; x_wconf 79' lang='lat' dir='ltr'>‘cum</span> <span class='ocrx_word' id='word_1_216' title='bbox 1352 2599 1434 2637; x_wconf 82' lang='lat' dir='ltr'>sit:</span> <span class='ocrx_word' id='word_1_217' title='bbox 1468 2600 1700 2636; x_wconf 83' lang='lat' dir='ltr'>ueretur</span> <span class='ocrx_word' id='word_1_218' title='bbox 1731 2595 1855 2635; x_wconf 89' lang='lat' dir='ltr'>illam</span> <span class='ocrx_word' id='word_1_219' title='bbox 1886 2609 1979 2635; x_wconf 86' lang='lat' dir='ltr'>rem</span> <span class='ocrx_word' id='word_1_220' title='bbox 2019 2627 2029 2637; x_wconf 86' lang='lat'><strong>.</strong></span> <span class='ocrx_word' id='word_1_221' title='bbox 2056 2628 2065 2637; x_wconf 92' lang='lat'><strong>.</strong></span> <span class='ocrx_word' id='word_1_222' title='bbox 2094 2627 2102 2636; x_wconf 91' lang='lat'>.</span> 
     </span>
     <span class='ocr_line' id='line_1_28' title="bbox 214 2653 1606 2706; baseline -0.001 -12"><span class='ocrx_word' id='word_1_223' title='bbox 214 2655 451 2694; x_wconf 80' lang='lat' dir='ltr'>ueteribus</span> <span class='ocrx_word' id='word_1_224' title='bbox 483 2655 725 2706; x_wconf 84' lang='lat' dir='ltr'>genetiuus</span> <span class='ocrx_word' id='word_1_225' title='bbox 758 2668 837 2706; x_wconf 85' lang='lat' dir='ltr'>pro</span> <span class='ocrx_word' id='word_1_226' title='bbox 871 2655 1137 2694; x_wconf 80' lang='lat' dir='ltr'>accusatiuo</span> <span class='ocrx_word' id='word_1_227' title='bbox 1170 2655 1277 2706; x_wconf 91' lang='lat' dir='ltr'>poni</span> <span class='ocrx_word' id='word_1_228' title='bbox 1307 2653 1458 2706; x_wconf 78' lang='lat' dir='ltr'>pIace&#39;t</span> <span class='ocrx_word' id='word_1_229' title='bbox 1486 2685 1494 2692; x_wconf 92' lang='lat'><strong>.</strong></span> <span class='ocrx_word' id='word_1_230' title='bbox 1514 2684 1522 2692; x_wconf 91' lang='lat'><strong><em>.</em></strong></span> <span class='ocrx_word' id='word_1_231' title='bbox 1542 2683 1551 2692; x_wconf 91' lang='lat'><strong>.</strong></span> <span class='ocrx_word' id='word_1_232' title='bbox 1572 2656 1606 2693; x_wconf 89' lang='lat'>.’</span> 
     </span>
    </p>
   </div>
   <div class='ocr_carea' id='block_1_5' title="bbox 205 2800 2152 3630">
    <p class='ocr_par' dir='ltr' id='par_1_6' title="bbox 209 2800 2114 2919">
     <span class='ocr_line' id='line_1_29' title="bbox 351 2800 2112 2862; baseline -0.001 -14"><span class='ocrx_word' id='word_1_233' title='bbox 351 2803 448 2848; x_wconf 83' lang='lat'>176</span> <span class='ocrx_word' id='word_1_234' title='bbox 487 2810 531 2847; x_wconf 71' lang='lat' dir='ltr'>et</span> <span class='ocrx_word' id='word_1_235' title='bbox 571 2801 808 2847; x_wconf 84' lang='lat' dir='ltr'>obnoxium</span> <span class='ocrx_word' id='word_1_236' title='bbox 847 2804 958 2848; x_wconf 97' lang='lat' dir='ltr'>libri</span> <span class='ocrx_word' id='word_1_237' title='bbox 988 2805 1212 2862; x_wconf 80' lang='lat' dir='ltr'>plerique</span> <span class='ocrx_word' id='word_1_238' title='bbox 1253 2810 1298 2847; x_wconf 79' lang='lat' dir='ltr'>et</span> <span class='ocrx_word' id='word_1_239' title='bbox 1339 2802 1548 2847; x_wconf 85' lang='lat' dir='ltr'>obnixum</span> <span class='ocrx_word' id='word_1_240' title='bbox 1591 2801 1747 2846; x_wconf 87' lang='lat' dir='ltr'>Vrbin.</span> <span class='ocrx_word' id='word_1_241' title='bbox 1786 2800 1903 2847; x_wconf 84' lang='lat'><strong>307.</strong></span> <span class='ocrx_word' id='word_1_242' title='bbox 1944 2801 2018 2845; x_wconf 87' lang='lat' dir='ltr'>An</span> <span class='ocrx_word' id='word_1_243' title='bbox 2056 2814 2112 2846; x_wconf 86' lang='lat' dir='ltr'>ne</span> 
     </span>
     <span class='ocr_line' id='line_1_30' title="bbox 209 2871 2114 2919; baseline 0.001 -4"><span class='ocrx_word' id='word_1_244' title='bbox 209 2873 448 2917; x_wconf 81' lang='lat' dir='ltr'>obnoxium</span> <span class='ocrx_word' id='word_1_245' title='bbox 489 2874 825 2918; x_wconf 78' lang='lat' dir='ltr'>scribendum?</span> <span class='ocrx_word' id='word_1_246' title='bbox 863 2887 962 2917; x_wconf 82' lang='lat' dir='ltr'>eum</span> <span class='ocrx_word' id='word_1_247' title='bbox 992 2873 1241 2917; x_wconf 67' lang='lat' dir='ltr'>Obnoxiam</span> <span class='ocrx_word' id='word_1_248' title='bbox 1285 2873 1477 2919; x_wconf 76' lang='lat' dir='ltr'>Vossius</span> <span class='ocrx_word' id='word_1_249' title='bbox 1515 2879 1590 2916; x_wconf 73' lang='lat' dir='ltr'>aut</span> <span class='ocrx_word' id='word_1_250' title='bbox 1630 2871 1871 2915; x_wconf 83' lang='lat' dir='ltr'>obnoxium</span> <span class='ocrx_word' id='word_1_251' title='bbox 1917 2871 2114 2916; x_wconf 78' lang='lat' dir='ltr'>Bothius</span> 
     </span>
    </p>

    <p class='ocr_par' dir='ltr' id='par_1_7' title="bbox 205 2941 2152 3630">
     <span class='ocr_line' id='line_1_31' title="bbox 351 2941 2152 3000; baseline 0 -13"><span class='ocrx_word' id='word_1_252' title='bbox 351 2944 447 2988; x_wconf 89' lang='grc'>177</span> <span class='ocrx_word' id='word_1_253' title='bbox 490 2958 514 2988; x_wconf 87' lang='lat' dir='ltr'>o</span> <span class='ocrx_word' id='word_1_254' title='bbox 555 2945 624 2987; x_wconf 72' lang='lat' dir='ltr'>ecl.</span> <span class='ocrx_word' id='word_1_255' title='bbox 668 2944 800 2989; x_wconf 78' lang='lat'>1526</span> <span class='ocrx_word' id='word_1_256' title='bbox 841 2944 925 2987; x_wconf 83' lang='lat' dir='ltr'>hoc</span> <span class='ocrx_word' id='word_1_257' title='bbox 962 2945 1076 2988; x_wconf 82' lang='lat' dir='ltr'>libri</span> <span class='ocrx_word' id='word_1_258' title='bbox 1209 2944 1306 2990; x_wconf 89' lang='grc'>178</span> <span class='ocrx_word' id='word_1_259' title='bbox 1348 2943 1622 2988; x_wconf 72' lang='lat' dir='ltr'>excorditate</span> <span class='ocrx_word' id='word_1_260' title='bbox 1661 2943 1789 2987; x_wconf 78' lang='lat' dir='ltr'>Leia.</span> <span class='ocrx_word' id='word_1_261' title='bbox 1915 2941 2011 2986; x_wconf 90' lang='grc'>179</span> <span class='ocrx_word' id='word_1_262' title='bbox 2040 2954 2110 3000; x_wconf 81' lang='lat' dir='ltr'>sq.</span> <span class='ocrx_word' id='word_1_263' title='bbox 2147 2981 2152 2987; x_wconf 94' lang='lat'>.</span> 
     </span>
     <span class='ocr_line' id='line_1_32' title="bbox 208 3010 2111 3072; baseline -0.001 -16"><span class='ocrx_word' id='word_1_264' title='bbox 208 3028 304 3057; x_wconf 85' lang='lat' dir='ltr'>cum</span> <span class='ocrx_word' id='word_1_265' title='bbox 344 3015 470 3072; x_wconf 75' lang='lat' dir='ltr'>pigra</span> <span class='ocrx_word' id='word_1_266' title='bbox 509 3015 601 3072; x_wconf 81' lang='lat' dir='ltr'>ipsa</span> <span class='ocrx_word' id='word_1_267' title='bbox 639 3014 723 3070; x_wconf 78' lang='lat' dir='ltr'>sil,</span> <span class='ocrx_word' id='word_1_268' title='bbox 774 3014 924 3072; x_wconf 81' lang='lat' dir='ltr'>Spisse</span> <span class='ocrx_word' id='word_1_269' title='bbox 973 3021 1021 3057; x_wconf 77' lang='lat' dir='ltr'>ut</span> <span class='ocrx_word' id='word_1_270' title='bbox 1069 3014 1306 3058; x_wconf 78' lang='lat' dir='ltr'>uideantur</span> <span class='ocrx_word' id='word_1_271' title='bbox 1349 3014 1494 3058; x_wconf 81' lang='lat' dir='ltr'>omnia</span> <span class='ocrx_word' id='word_1_272' title='bbox 1541 3014 1577 3057; x_wconf 86' lang='lat' dir='ltr'>ei</span> <span class='ocrx_word' id='word_1_273' title='bbox 1617 3010 1801 3056; x_wconf 76' lang='lat' dir='ltr'>confieri</span> <span class='ocrx_word' id='word_1_274' title='bbox 1840 3012 2044 3057; x_wconf 77' lang='lat' dir='ltr'>Bolhius</span> <span class='ocrx_word' id='word_1_275' title='bbox 2082 3011 2111 3055; x_wconf 83' lang='lat'>2</span> 
     </span>
     <span class='ocr_line' id='line_1_33' title="bbox 208 3080 2111 3142; baseline -0.002 -15"><span class='ocrx_word' id='word_1_276' title='bbox 208 3097 306 3127; x_wconf 83' lang='lat' dir='ltr'>cum</span> <span class='ocrx_word' id='word_1_277' title='bbox 346 3083 470 3142; x_wconf 79' lang='lat' dir='ltr'>pigra</span> <span class='ocrx_word' id='word_1_278' title='bbox 509 3090 577 3126; x_wconf 79' lang='lat' dir='ltr'>est</span> <span class='ocrx_word' id='word_1_279' title='bbox 603 3084 694 3141; x_wconf 83' lang='lat' dir='ltr'>ipsa</span> <span class='ocrx_word' id='word_1_280' title='bbox 722 3090 771 3126; x_wconf 80' lang='lat' dir='ltr'>ut</span> <span class='ocrx_word' id='word_1_281' title='bbox 797 3085 939 3142; x_wconf 79' lang='lat' dir='ltr'>spisse</span> <span class='ocrx_word' id='word_1_282' title='bbox 968 3085 1113 3127; x_wconf 83' lang='lat' dir='ltr'>omnia</span> <span class='ocrx_word' id='word_1_283' title='bbox 1140 3083 1375 3128; x_wconf 74' lang='lat' dir='ltr'>uideantur</span> <span class='ocrx_word' id='word_1_284' title='bbox 1402 3082 1586 3127; x_wconf 81' lang='lat' dir='ltr'>confieri</span> <span class='ocrx_word' id='word_1_285' title='bbox 1613 3083 1726 3126; x_wconf 87' lang='lat' dir='ltr'>libri</span> <span class='ocrx_word' id='word_1_286' title='bbox 1819 3083 1893 3126; x_wconf 89' lang='lat' dir='ltr'>An</span> <span class='ocrx_word' id='word_1_287' title='bbox 1930 3082 1975 3125; x_wconf 90' lang='lat' dir='ltr'>in</span> <span class='ocrx_word' id='word_1_288' title='bbox 2013 3080 2111 3138; x_wconf 87' lang='lat' dir='ltr'>sed,</span> 
     </span>
     <span class='ocr_line' id='line_1_34' title="bbox 207 3151 2108 3212; baseline 0 -16"><span class='ocrx_word' id='word_1_289' title='bbox 207 3154 300 3212; x_wconf 81' lang='lat' dir='ltr'>ipsa</span> <span class='ocrx_word' id='word_1_290' title='bbox 341 3167 437 3197; x_wconf 82' lang='lat' dir='ltr'>cum</span> <span class='ocrx_word' id='word_1_291' title='bbox 480 3153 676 3211; x_wconf 78' lang='lat' dir='ltr'>pigrast?</span> <span class='ocrx_word' id='word_1_292' title='bbox 824 3154 919 3198; x_wconf 85' lang='grc'>181</span> <span class='ocrx_word' id='word_1_293' title='bbox 960 3155 1104 3198; x_wconf 84' lang='lat' dir='ltr'>Hane</span> <span class='ocrx_word' id='word_1_294' title='bbox 1142 3158 1275 3199; x_wconf 83' lang='lat' dir='ltr'>uocis</span> <span class='ocrx_word' id='word_1_295' title='bbox 1319 3154 1485 3198; x_wconf 75' lang='lat' dir='ltr'>diutius</span> <span class='ocrx_word' id='word_1_296' title='bbox 1531 3166 1802 3197; x_wconf 85' lang='lat' dir='ltr'>mensuram</span> <span class='ocrx_word' id='word_1_297' title='bbox 1849 3157 2019 3196; x_wconf 83' lang='lat' dir='ltr'>eontra</span> <span class='ocrx_word' id='word_1_298' title='bbox 2055 3151 2108 3196; x_wconf 90' lang='lat' dir='ltr'>L.</span> 
     </span>
     <span class='ocr_line' id='line_1_35' title="bbox 208 3220 2109 3281; baseline -0.002 -14"><span class='ocrx_word' id='word_1_299' title='bbox 208 3223 492 3267; x_wconf 82' lang='lat' dir='ltr'>Muellerum</span> <span class='ocrx_word' id='word_1_300' title='bbox 532 3224 606 3279; x_wconf 77' lang='lat' dir='ltr'>(sle</span> <span class='ocrx_word' id='word_1_301' title='bbox 632 3236 685 3266; x_wconf 92' lang='lat' dir='ltr'>re</span> <span class='ocrx_word' id='word_1_302' title='bbox 712 3239 766 3267; x_wconf 89' lang='lat' dir='ltr'>m.</span> <span class='ocrx_word' id='word_1_303' title='bbox 797 3223 896 3269; x_wconf 70' lang='grc'>348</span> <span class='ocrx_word' id='word_1_304' title='bbox 925 3226 1107 3268; x_wconf 79' lang='grc' dir='ltr'><em>αηηαίἰ.</em></span> <span class='ocrx_word' id='word_1_305' title='bbox 1135 3225 1317 3281; x_wconf 77' lang='grc' dir='ltr'>ρΙιὶῖοΖΖ.</span> <span class='ocrx_word' id='word_1_306' title='bbox 1350 3224 1484 3269; x_wconf 87' lang='grc'>1870</span> <span class='ocrx_word' id='word_1_307' title='bbox 1506 3238 1554 3281; x_wconf 81' lang='lat' dir='ltr'>p.</span> <span class='ocrx_word' id='word_1_308' title='bbox 1587 3221 1668 3280; x_wconf 78' lang='lat'>69)</span> <span class='ocrx_word' id='word_1_309' title='bbox 1694 3220 1905 3278; x_wconf 80' lang='lat' dir='ltr'>defendit</span> <span class='ocrx_word' id='word_1_310' title='bbox 1931 3220 2109 3265; x_wconf 76' lang='lat' dir='ltr'>Fleck-</span> 
     </span>
     <span class='ocr_line' id='line_1_36' title="bbox 209 3289 2110 3353; baseline -0.002 -16"><span class='ocrx_word' id='word_1_311' title='bbox 209 3297 395 3338; x_wconf 87' lang='lat' dir='ltr'>eisenus</span> <span class='ocrx_word' id='word_1_312' title='bbox 422 3308 534 3337; x_wconf 84' lang='lat' dir='ltr'>ann.</span> <span class='ocrx_word' id='word_1_313' title='bbox 560 3294 742 3350; x_wconf 80' lang='lat' dir='ltr'>pliiloll.</span> <span class='ocrx_word' id='word_1_314' title='bbox 777 3292 909 3338; x_wconf 89' lang='grc'>1870</span> <span class='ocrx_word' id='word_1_315' title='bbox 933 3309 980 3350; x_wconf 84' lang='lat' dir='ltr'>p.</span> <span class='ocrx_word' id='word_1_316' title='bbox 1013 3293 1076 3338; x_wconf 85' lang='lat'>69</span> <span class='ocrx_word' id='word_1_317' title='bbox 1105 3307 1173 3353; x_wconf 82' lang='lat' dir='ltr'>sq.</span> <span class='ocrx_word' id='word_1_318' title='bbox 1289 3293 1386 3339; x_wconf 82' lang='grc'>182</span> <span class='ocrx_word' id='word_1_319' title='bbox 1414 3293 1521 3337; x_wconf 89' lang='lat' dir='ltr'>nolo</span> <span class='ocrx_word' id='word_1_320' title='bbox 1549 3293 1792 3350; x_wconf 79' lang='lat' dir='ltr'>suppleas.</span> <span class='ocrx_word' id='word_1_321' title='bbox 1892 3289 2110 3334; x_wconf 84' lang='lat' dir='ltr'>Tindareo</span> 
     </span>
     <span class='ocr_line' id='line_1_37' title="bbox 205 3361 2114 3422; baseline -0.002 -15"><span class='ocrx_word' id='word_1_322' title='bbox 205 3363 315 3407; x_wconf 85' lang='lat' dir='ltr'>libri</span> <span class='ocrx_word' id='word_1_323' title='bbox 426 3363 522 3408; x_wconf 83' lang='grc'>183</span> <span class='ocrx_word' id='word_1_324' title='bbox 562 3365 689 3407; x_wconf 82' lang='lat' dir='ltr'>cuius</span> <span class='ocrx_word' id='word_1_325' title='bbox 728 3371 854 3422; x_wconf 80' lang='lat' dir='ltr'>pater</span> <span class='ocrx_word' id='word_1_326' title='bbox 894 3369 1075 3406; x_wconf 74' lang='lat' dir='ltr'>ueretur</span> <span class='ocrx_word' id='word_1_327' title='bbox 1113 3377 1241 3408; x_wconf 71' lang='lat' dir='ltr'>›zzcne</span> <span class='ocrx_word' id='word_1_328' title='bbox 1280 3366 1458 3421; x_wconf 77' lang='lat' dir='ltr'>scripsi</span> <span class='ocrx_word' id='word_1_329' title='bbox 1481 3364 1606 3407; x_wconf 84' lang='lat' dir='ltr'>cuius</span> <span class='ocrx_word' id='word_1_330' title='bbox 1647 3375 1669 3405; x_wconf 83' lang='lat' dir='ltr'>a</span> <span class='ocrx_word' id='word_1_331' title='bbox 1709 3369 1751 3405; x_wconf 78' lang='lat' dir='ltr'>te</span> <span class='ocrx_word' id='word_1_332' title='bbox 1792 3367 1975 3405; x_wconf 75' lang='lat' dir='ltr'>[leretur</span> <span class='ocrx_word' id='word_1_333' title='bbox 2001 3361 2114 3404; x_wconf 87' lang='lat' dir='ltr'>libri</span> 
     </span>
     <span class='ocr_line' id='line_1_38' title="bbox 209 3428 2107 3490; baseline -0.001 -15"><span class='ocrx_word' id='word_1_334' title='bbox 209 3433 332 3476; x_wconf 81' lang='lat' dir='ltr'>cuius</span> <span class='ocrx_word' id='word_1_335' title='bbox 374 3440 415 3477; x_wconf 78' lang='lat' dir='ltr'>te</span> <span class='ocrx_word' id='word_1_336' title='bbox 454 3439 639 3477; x_wconf 70' lang='lat' dir='ltr'>uer-etur</span> <span class='ocrx_word' id='word_1_337' title='bbox 680 3434 869 3478; x_wconf 79' lang='lat' dir='ltr'>Vossius</span> <span class='ocrx_word' id='word_1_338' title='bbox 982 3431 1096 3476; x_wconf 87' lang='lat' dir='ltr'>Olim</span> <span class='ocrx_word' id='word_1_339' title='bbox 1134 3436 1181 3477; x_wconf 86' lang='lat' dir='ltr'>in</span> <span class='ocrx_word' id='word_1_340' title='bbox 1225 3439 1360 3478; x_wconf 70' lang='lat' dir='ltr'>teaelu</span> <span class='ocrx_word' id='word_1_341' title='bbox 1387 3435 1770 3490; x_wconf 85' lang='lat' dir='ltr'>septenariorum</span> <span class='ocrx_word' id='word_1_342' title='bbox 1803 3430 1970 3488; x_wconf 73' lang='lat' dir='ltr'>frusta</span> <span class='ocrx_word' id='word_1_343' title='bbox 1997 3429 2046 3474; x_wconf 88' lang='grc' dir='ltr'>Τ.</span> <span class='ocrx_word' id='word_1_344' title='bbox 2077 3428 2107 3473; x_wconf 82' lang='lat' dir='ltr'>s.</span> 
     </span>
     <span class='ocr_line' id='line_1_39' title="bbox 209 3494 2109 3559; baseline -0.001 -13"><span class='ocrx_word' id='word_1_345' title='bbox 209 3502 521 3546; x_wconf 78' lang='lat' dir='ltr'>contumeliam</span> <span class='ocrx_word' id='word_1_346' title='bbox 556 3502 688 3547; x_wconf 89' lang='lat' dir='ltr'>Cuius</span> <span class='ocrx_word' id='word_1_347' title='bbox 729 3509 912 3548; x_wconf 61' lang='lat' dir='ltr'>uel-etur</span> <span class='ocrx_word' id='word_1_348' title='bbox 953 3516 1008 3546; x_wconf 74' lang='lat' dir='ltr'>tn.</span> <span class='ocrx_word' id='word_1_349' title='bbox 1051 3494 1277 3547; x_wconf 79' lang='lat' dir='ltr'>dederam</span> <span class='ocrx_word' id='word_1_350' title='bbox 1315 3505 1434 3547; x_wconf 82' lang='lat' dir='ltr'>idem</span> <span class='ocrx_word' id='word_1_351' title='bbox 1475 3502 1887 3559; x_wconf 78' lang='lat' dir='ltr'>transpositionem</span> <span class='ocrx_word' id='word_1_352' title='bbox 1923 3501 2050 3545; x_wconf 78' lang='lat' dir='ltr'>lianc</span> <span class='ocrx_word' id='word_1_353' title='bbox 2086 3514 2109 3544; x_wconf 82' lang='lat' dir='ltr'>a</span> 
     </span>
     <span class='ocr_line' id='line_1_40' title="bbox 210 3571 1905 3630; baseline 0.001 -16"><span class='ocrx_word' id='word_1_354' title='bbox 210 3578 254 3615; x_wconf 83' lang='lat' dir='ltr'>te</span> <span class='ocrx_word' id='word_1_355' title='bbox 292 3571 523 3630; x_wconf 77' lang='lat' dir='ltr'>Tyndareo</span> <span class='ocrx_word' id='word_1_356' title='bbox 565 3572 594 3617; x_wconf 88' lang='lat' dir='ltr'>s.</span> <span class='ocrx_word' id='word_1_357' title='bbox 635 3587 671 3617; x_wconf 82' lang='lat' dir='ltr'>e.</span> <span class='ocrx_word' id='word_1_358' title='bbox 711 3572 844 3617; x_wconf 86' lang='lat' dir='ltr'>Cuius</span> <span class='ocrx_word' id='word_1_359' title='bbox 883 3587 926 3617; x_wconf 93' lang='lat' dir='ltr'>u.</span> <span class='ocrx_word' id='word_1_360' title='bbox 967 3586 1024 3617; x_wconf 88' lang='lat' dir='ltr'>m.</span> <span class='ocrx_word' id='word_1_361' title='bbox 1067 3578 1366 3618; x_wconf 78' lang='lat' dir='ltr'>commentus.</span> <span class='ocrx_word' id='word_1_362' title='bbox 1513 3573 1698 3616; x_wconf 80' lang='lat' dir='ltr'>maxime</span> <span class='ocrx_word' id='word_1_363' title='bbox 1736 3571 1905 3616; x_wconf 84' lang='lat' dir='ltr'>Bamb.</span> 
     </span>
    </p>
   </div>
  </div>
 </body>
</html>
