2299 3803
553 180 632 220 EX
662 178 944 222 INCERTIS
978 180 1376 222 INCERTORVM
1410 181 1669 223 FABVLIS
1959 182 2059 233 267

1023 333 1197 386 CXIV

374 485 381 493 .
436 445 646 496 tantum
689 444 942 513 gaudium
984 446 1181 498 oboriri
1223 447 1284 497 ex
1323 446 1558 497 tumultu
1599 447 1852 498 maximo!

1037 576 1184 631 CXV

304 687 410 740 Cur
449 690 590 757 fugit-
630 689 887 741 fratrem‘?
929 691 1026 742 scit
1067 691 1179 759 ipse

1019 808 1193 862 CXVI

154 905 260 956 213
279 908 289 938 ¹
945 906 1054 958 uas'
1097 906 1366 975 argenteis

1094 1004 1120 1033 >fe

943 1078 1126 1145 palmi'
1169 1075 1404 1130 crinibus

1098 1175 1125 1205 ‘dt

302 1248 470 1300 Tecti’
512 1248 694 1301 fractis

1006 1346 1210 1400 CXVII

152 1442 260 1493 214
300 1441 459 1494 Pater
498 1443 739 1510 inquam,
778 1443 1032 1513 hospites,
1072 1446 1224 1512 pater
1264 1462 1346 1495 me
1387 1444 1586 1496 himine
1629 1443 1857 1513 orbaust,
1897 1447 2060 1514 pater.

152 1606 243 1645 sint
274 1617 446 1657 genera
479 1609 717 1658 quattuor,
761 1621 782 1647 e
825 1607 988 1659 quibus
1021 1608 1234 1648 honestas
1268 1606 1559 1660 officiumque
1593 1611 1821 1650 manaret,
1863 1609 2062 1661 splendi-

152 1661 388 1703 dissimum
427 1662 596 1711 uideri,
641 1663 758 1714 quod
801 1664 947 1704 animo
987 1677 1149 1716 magno
1192 1663 1405 1715 elatoque
1445 1664 1757 1716 humanasque
1807 1678 1878 1704 res
1911 1665 2061 1718 despi-

152 1719 301 1758 ciente
333 1719 505 1759 factvm
545 1720 621 1760 sit.
682 1720 846 1772 Itaque
886 1721 932 1760 in
973 1720 1150 1773 probris
1189 1721 1382 1760 maxime
1423 1721 1467 1760 in
1500 1724 1710 1773 promptu
1750 1726 1843 1770 est,
1883 1722 1922 1760 si
1955 1722 2061 1773 qu³d

151 1775 242 1816 tale
276 1774 365 1814 dici
399 1779 572 1826 potest:
606 1789 703 1816 uos
737 1777 903 1816 enim'
936 1789 974 1818 e.
1010 1791 1048 1829 q.
1084 1789 1117 1816 s.
1180 1781 1255 1817 ‘et
1287 1777 1326 1817 si
1359 1777 1464 1830 quid
1498 1777 1741 1818 eiusmodi:
1775 1776 2061 1818 Sa‘macida’

152 1846 189 1871 e.
225 1845 262 1883 q.
297 1845 330 1871 S.
392 1832 667 1872 Coniectura
711 1832 943 1885 Meleagro
976 1833 1092 1874 Attii
1124 1833 1264 1873 tribui
1422 1833 1564 1873 CXIV
1605 1835 1774 1874 Festus
1807 1847 1850 1886 p.
1886 1836 1965 1874 190
1996 1835 2058 1876 M.

151 1889 440 1928 ‘oboritur
479 1888 765 1931 adnascitur:
814 1902 915 1929 nam
957 1890 1341 1943 praepositionem
1384 1890 1446 1930 ob
1486 1904 1566 1943 pro
1614 1891 1677 1930 ad
1725 1889 1906 1930 solitam
1953 1892 2060 1944 poni

149 1946 288 1985 testis
326 1945 400 1984 hic
439 1958 620 1985 uersus:
664 1950 906 1985 tantum’
942 1960 979 1987 e.
1015 1961 1054 2000 q.
1090 1960 1124 1988 s,
1188 1950 1262 1986 ‘ct
1301 1947 1495 1987 Ennius:
1537 1947 1592 1987 ob
1625 1947 1840 1986 Romam’
1881 1960 1919 1987 e.
1953 1961 1993 2000 q.
2028 1961 2060 1988 s.

263 2001 383 2042 CXV
424 2001 599 2042 Seneca
641 2007 849 2044 controu.
886 2003 908 2042 I
943 2005 961 2042 1
1003 2017 1043 2055 p.
1078 2004 1151 2050 65,
1198 2005 1246 2043 19
1287 2003 1337 2048 Β.
1381 2003 1606 2044 ‘colorem
1647 2016 1702 2044 ex
1741 2003 1888 2043 altera
1927 2009 2059 2057 parte

150 2071 266 2111 quae
300 2057 454 2098 durior
487 2062 556 2098 est
587 2059 727 2099 Latro
760 2059 918 2099 aiebat
956 2060 1074 2100 hunc
1107 2060 1409 2113 sequendum,
1450 2065 1502 2100 ut
1539 2061 1913 2112 grauissimarum
1944 2061 2060 2100 iniu-

147 2117 314 2155 riarum
336 2114 639 2155 inexorabilia
671 2121 715 2155 et
738 2116 945 2156 ardentia
966 2116 1283 2157 induceremus
1307 2117 1430 2158 odia.
1472 2116 1754 2168 Thyesteo
1787 2129 1932 2157 more
1966 2118 2061 2158 aie—-

146 2172 229 2211 bat
261 2175 437 2224 patrem
471 2185 559 2212 11011
591 2172 729 2212 irasci
759 2176 936 2212 tantum
969 2172 1155 2222 debere,
1193 2173 1271 2213 sed
1305 2174 1470 2215 furere.
1524 2174 1619 2225 ipse
1652 2177 1696 2212 in
1725 2173 2059 2213 declamatione

147 2241 258 2269 usus
290 2232 361 2267 est
391 2229 576 2268 summis
607 2229 884 2269 clamoribus
915 2229 1016 2270 illo
1048 2242 1216 2269 uersu
1248 2230 1491 2282 tragico:
1527 2233 1648 2270 cur'
1683 2244 1721 2270 e.
1757 2241 1797 2280 q.
1831 2242 1865 2269 s,
1919 2231 2058 2270 Vario

148 2284 382 2336 Thyestae
417 2285 579 2324 tribuit
610 2284 934 2326 Buechelerus.
1067 2285 1210 2326 CXVI
1243 2285 1338 2326 Cic.
1372 2298 1435 2327 or.
1469 2287 1546 2337 45,
1583 2289 1660 2327 153
1693 2285 1800 2326 ‘sed
1833 2286 1942 2338 quid
1975 2300 2058 2338 ego

147 2340 370 2381 uocales?
413 2342 511 2382 sine
544 2341 783 2383 uocalibus
815 2355 949 2394 saepe
982 2343 1229 2383 breuitatis
1262 2356 1402 2383 causa
1435 2342 1786 2393 contrahebant,
1818 2348 1869 2382 ut
1899 2344 1963 2383 ita
1995 2343 2059 2382 di-

149 2399 328 2438 cerent:
361 2397 521 2437 multi
553 2398 748 2438 modis’
782 2399 858 2445 (cf.
884 2399 992 2442 Pac.
1017 2398 1139 2450 307),
1175 2403 1302 2439 ‘uas
1334 2400 1654 2452 argenteis,
1690 2398 1832 2452 palm
1866 2404 1919 2439 et
1952 2400 2057 2440 cri-

148 2455 335 2507 nibus,
376 2456 524 2495 tecti
561 2455 801 2495 fractis’
864 2455 1000 2495 Ennii
1039 2456 1114 2496 uel
1146 2457 1314 2497 Naeuii
1353 2457 1465 2496 haec
1506 2469 1604 2497 esse
1647 2456 1908 2508 suspicatur
1939 2456 2056 2496 Bue-

148 2510 358 2552 chelerus
390 2510 443 2551 de
475 2511 557 2551 lat.
582 2511 694 2552 decl*
721 2513 786 2554 66,
887 2511 1054 2552 CXVII
1079 2512 1318 2553 Charisius
1338 2512 1379 2552 V
1400 2527 1442 2565 p.
1467 2514 1548 2553 250
1571 2513 1618 2552 P.
1653 2512 2057 2565 ‘epanalepsis

150 2571 242 2619 est,
285 2581 384 2608 cum
425 2567 584 2608 eadem
617 2568 756 2609 dictio
796 2569 842 2608 in
874 2569 1100 2622 principio
1141 2582 1300 2610 uersus
1335 2575 1380 2610 et
1412 2571 1458 2609 in
1492 2569 1704 2610 clausula
1736 2569 1942 2622 ponitur,
1984 2574 2054 2608 ut:

148 2628 315 2677 pater
344 2625 569 2678 inquam
587 2628 599 2648 ’
624 2638 661 2668 e.
687 2638 726 2677 q.
751 2639 784 2665 s.
818 2625 1063 2665 Diomedes
1086 2639 1127 2678 p.
1152 2626 1305 2667 4191).
1340 2625 1659 2679 ‘epanalepsis
1794 2631 1962 2677 pater
1992 2626 2057 2664 in-

149 2693 282 2732 quam
305 2684 401 2720 me’
436 2694 474 2720 e.
500 2693 540 2732 q.
566 2693 600 2724 s.
633 2681 854 2722 Claudius
886 2680 1110 2722 Sacerdos
1142 2683 1162 2722 I
1187 2696 1230 2735 p.
1254 2685 1308 2723 35
1331 2681 1461 2722 Endl.
1496 2682 1859 2736 ‘epanalcmpsis
1891 2682 1941 2722 fit
1972 2682 2057 2720 hoc

148 2736 303 2777 modo:
335 2737 453 2776 idem
484 2737 673 2776 uerbum
696 2739 882 2790 ponitur
914 2739 959 2777 in
983 2738 1212 2789 clausula,
1254 2738 1372 2790 quod
1404 2739 1450 2778 in
1472 2739 1699 2791 principio
1723 2738 1952 2784 dictionis,
1986 2743 2057 2776 ut:

149 2797 312 2846 pater
343 2793 565 2846 inquam
598 2798 697 2833 me’
731 2807 768 2834 e.
794 2807 836 2846 q.
861 2808 896 2835 S.
946 2794 1191 2836 Phoenicis
1224 2795 1421 2835 Enniani
1455 2794 1687 2847 querellae
1720 2800 1910 2847 possunt
1943 2807 2057 2836 esse.

251 2979 422 3023 animos
461 2980 618 3039 geritis
646 2974 892 3024 muliebres
926 2978 1054 3025 Oelzl.
1085 2980 1235 3026 Gudd.
1265 2994 1290 3025 e
1316 2991 1340 3024 e
1368 2979 1519 3025 Bern.
1547 2982 1579 3025 cl
1694 2994 1742 3025 ea
1783 2981 2055 3040 Geppertus

144 3051 176 3094 l.
203 3051 236 3094 l.
267 3048 364 3093 112
479 3051 635 3109 uirago
674 3051 941 3096 deteriores
1056 3049 1154 3095 211
1185 3050 1394 3109 gaudium
1425 3051 1482 3095 mi
1510 3050 1677 3096 oboriri
1711 3051 1759 3096 0.
1790 3051 2055 3097 Muellerus

255 3120 464 3178 Explere·
494 3126 688 3178 poterat
715 3133 888 3166 uersus
926 3123 1020 3165 sie.-
1060 3121 1231 3166 lantum
1270 3134 1390 3166 nunc
1428 3120 1595 3166 oboriri
1625 3121 1858 3181 gaudium,
1902 3124 1975 3167 uel
2014 3126 2057 3167 si

144 3191 358 3235 datiuum
396 3193 632 3249 requiris,
674 3191 846 3236 1511111111
886 3190 1097 3251 gaudium
1137 3189 1305 3237 oboriri
1343 3190 1429 3236 illis
1553 3191 1651 3236 212
1693 3191 1807 3252 sugit
1836 3193 2050 3238 Bueche-

143 3262 275 3306 lerus
313 3259 432 3320 sugis
457 3261 570 3306 libri
683 3255 819 3307 2132
844 3261 961 3321 palm
989 3268 1033 3306 et
1065 3261 1263 3306 crinibus
1301 3263 1434 3308 codd.
1461 3262 1604 3321 passi’
1633 3261 1827 3308 crinibus
1867 3262 2050 3307 Lambi-

145 3344 261 3382 nus.-
308 3334 442 3376 immo
490 3330 636 3390 palmi’
687 3331 884 3376 crinibus
932 3333 1261 3390 scribendum,
1311 3332 1375 3391 cf.
1429 3334 1550 3378 Eur.
1591 3332 1778 3378 Hecub.
1821 3331 1922 3377 815
1970 3328 2053 3377 καὶ

144 3395 276 3459 χερσὶ
313 3395 396 3445 καὶ
438 3397 650 3461 κόμαισι.
800 3401 900 3447 214
949 3402 1173 3462 hospites,
1223 3409 1350 3462 pater
1397 3416 1467 3447 me
1518 3406 1696 3460 scripsi
1743 3403 1932 3462 hospitis
1981 3417 2051 3447 mc

148 3469 373 3516 Claudius
410 3485 480 3516 me
520 3472 766 3518 Charisius
804 3478 848 3518 et
883 3473 1132 3518 Diomedes
1274 3479 1401 3532 pater
1439 3476 1600 3518 exitus
1643 3485 1814 3519 uersus
1853 3488 1962 3520 num
1999 3476 2050 3519 in

147 3537 352 3586 Charisii
388 3543 490 3587 cod.
530 3543 743 3589 extiterit
780 3546 1040 3589 incertum.-
1078 3557 1207 3589 nunc
1246 3557 1340 3589 non
1381 3550 1590 3602 apparet
1884 3542 1895 3556 ³
