2294 3844
176 234 244 283 60
970 239 1022 287 Q.
1056 239 1275 279 ENvas

949 368 1020 419 XI
1066 367 1174 437 (11.
1220 367 1309 438 12)

993 464 1250 533 Thyestes

321 557 455 626 'Ipse
498 559 715 610 summis
757 560 895 610 saxis
935 560 1069 611 fixus
1110 561 1334 630 asperis,
1373 559 1721 630 euisceratus,

174 654 281 705 310
323 654 509 706 Lutere
550 655 810 723 pendens,
851 658 973 707 saxa
1017 674 1273 725 spargens
1320 658 1470 726 tabo,
1517 658 1663 709 sanie
1712 662 1765 710 et
1812 660 2072 729 sanguine

1306 756 1445 822 atro,

318 847 503 915 Neque
546 850 867 916 sepulcrum,
907 851 1010 917 quo
1052 850 1297 918 recipiat,
1336 850 1534 902 habeat
1573 854 1788 920 portum
1821 852 2074 921 corporiS,

320 943 439 994 ‘Vbi
480 945 700 996 remissa
738 945 971 997 humana
1015 946 1125 997 uita
1167 948 1357 1015 corpus
1397 947 1694 1015 requiescat
1734 948 1900 1000 malis

567 1068 866 1122 INCERTI
915 1070 1222 1124 NOMINIS
1269 1071 1672 1136 RELIQVIAE

936 1167 960 1218 I
1002 1165 1218 1236 (Achill.
1245 1167 1303 1239 5)

1024 1263 1207 1315 Vlixes

316 1360 445 1423 Quis
485 1361 559 1412 ibi
599 1380 709 1412 11011
750 1364 830 1412 est
869 1361 1181 1413 uulneratus
1221 1362 1362 1415 fe'rro
1403 1362 1445 1414 F
1449 1363 1642 1433 rugio?
1684 1406 1693 1416 .

167 1529 267 1570 nius
298 1530 506 1582 Tyeste
538 1532 627 1569 ...'
758 1530 824 1569 XI
855 1529 1015 1570 Cicero
1046 1530 1182 1570 Tusc.
1213 1528 1326 1582 disp.
1360 1530 1382 1569 I
1412 1529 1490 1577 44,
1526 1529 1605 1569 107
1638 1533 1911 1569 ‘execratur
1941 1528 2068 1569 lucu-

164 1586 300 1626 lentis
333 1599 441 1626 sane
474 1586 684 1625 uersibus
715 1585 835 1638 apud
868 1586 1062 1626 Ennium
1093 1586 1392 1636 Thyestes,
1432 1585 1623 1638 primum
1662 1589 1721 1625 ut
1759 1585 2070 1638 naufragio

168 1647 362 1695 pereat
393 1644 609 1683 Atreus.
644 1642 801 1682 durum
831 1642 917 1683 hoc
940 1656 1074 1692 sane3
1105 1643 1213 1683 talis
1235 1642 1354 1682 enim
1375 1642 1589 1682 interitus
1613 1655 1703 1682 non
1726 1646 1797 1682 est
1819 1642 1917 1682 sine
1940 1642 2071 1694 graui

167 1712 322 1747 sensu3
364 1699 445 1738 illa
484 1699 642 1738 inania
675 1697 789 1751 [309.
821 1697 920 1751 310]
984 1700 1083 1740 Non
1122 1700 1222 1751 ipsa
1261 1711 1371 1739 saxa
1412 1699 1556 1750 magis
1596 1711 1732 1738 5611511
1772 1699 1893 1739 omni
1934 1711 2071 1739 uaca-

168 1756 284 1795 buut
316 1768 449 1808 quam
482 1755 558 1795 ille
591 1755 772 1796 latere
813 1757 1080 1808 pendens,
1123 1755 1196 1796 cui
1235 1768 1281 1796 se
1313 1755 1386 1795 hie
1417 1756 1668 1795 cruciatum
1700 1758 1862 1795 censet
1893 1759 2068 1807 optare.

168 1815 297 1863 Quae
330 1817 485 1853 essent
515 1813 646 1859 dura,
679 1812 718 1852 si
750 1812 962 1858 sentiret,
996 1812 1124 1852 nulla
1154 1816 1259 1851 sunt
1289 1812 1386 1851 sine
1419 1815 1590 1852 sensu.’
1653 1810 1747 1863 (qu
1762 1824 1840 1851 am
1873 1816 2073 1852 essent

168 1869 300 1908 dura
332 1870 377 1908 si
410 1869 694 1909 sentirent
726 1868 881 1909 nulla
914 1870 1035 1909 sine
1068 1882 1234 1909 sensu
1269 1868 1384 1908 Gud.
1411 1869 1521 1920 Reg.
1553 1868 1689 1908 Brux.
1723 1881 1862 1920 quae
1894 1871 1952 1908 ut
1984 1881 2069 1908 es·

167 1930 293 1966 sent
327 1925 482 1976 dura,
515 1926 560 1966 si
592 1925 966 1975 sentirentur,
1006 1925 1162 1965 nulla
1194 1926 1317 1965 sine
1351 1938 1516 1965 sensu
1550 1929 1677 1964 sunt
1708 1923 1966 1974 Bentleius,
2006 1923 2065 1964 cf.

165 1983 520 2034 IVesenbergius
553 1982 739 2021 Emend.
762 1983 808 2022 II
840 1996 879 2034 p.
905 1984 981 2032 32,
1016 1982 1093 2034 qui
1124 1994 1265 2021 nunc
1297 1986 1403 2021 ante
1436 1981 1593 2021 nulla
1625 1978 1891 2033 desiderat.)
1932 1979 2071 2021 ‘Illud

166 2052 275 2079 uero
309 2052 527 2091 perquam
557 2039 715 2078 inane:
754 2036 868 2091 [311.
901 2036 1018 2091 312}
1066 2038 1205 2078 Vides
1238 2042 1410 2090 quanto
1450 2037 1566 2077 haec
1625 2038 1674 2077 in
1705 2050 1855 2078 errore
1886 2049 2071 2077 uersen-

168 2100 262 2135 tur:
307 2102 482 2147 portum
524 2107 623 2134 esse
665 2095 866 2147 corporis
905 2100 951 2136 et
981 2097 1273 2147 requiescere
1304 2095 1351 2134 in
1383 2094 1622 2147 sepulchro
1664 2097 1800 2146 putat
1830 2098 2067 2144 mortuum,

166 2165 330 2204 magna
362 2152 495 2203 culpa
526 2151 729 2203 Pelopis,
771 2153 845 2203 qui
884 2165 972 2191 non
1012 2151 1233 2192 erudierit
1271 2150 1412 2190 filium
1451 2164 1536 2190 nec
1572 2150 1799 2200 docuerit,
1842 2154 2071 2202 quatenus

172 2214 291 2249 esset
325 2208 522 2260 quidque
557 2207 839 2248 curandum)
900 2207 1025 2248 Idem
1057 2209 1104 2247 in
1136 2208 1348 2248 Pisonem
1383 2209 1454 2257 19,
1487 2209 1541 2248 43
1581 2207 1837 2258 ‘Thyestea
1876 2210 1947 2247 est
1978 2207 2070 2246 ista

167 2264 392 2305 execratio
426 2270 591 2317 poetae
622 2264 748 2316 uulgi
781 2265 976 2315 animos,
1019 2278 1107 2304 non
1147 2264 1423 2317 sapientium
1466 2264 1713 2303 mouentis:
1754 2267 1812 2302 ut
1849 2266 1904 2302 tu
1935 2275 2069 2302 nau-

168 2322 351 2373 fragio
384 2320 648 2373 expulsus
682 2321 898 2372 uspiam
937 2322 1092 2362 saxis
1136 2321 1286 2360 fixus
1325 2321 1548 2372 asperis
1588 2319 1948 2360 euisceratus
1988 2318 2070 2359 la—

167 2383 284 2418 tere
317 2377 617 2429 penderes,
650 2381 701 2417 ut
731 2378 798 2417 ait
829 2377 928 2426 ille,
962 2390 1096 2417 saxa
1222 2380 1379 2419 atro.'
1442 2375 1618 2427 (Verba
1649 2380 1708 2415 ut
1744 2379 1800 2415 tu
1831 2375 2070 2417 naufra-

166 2435 256 2481 gio
289 2433 558 2486 expulsus
590 2435 803 2486 uspiam
837 2433 1045 2473 Ciceroni
1076 2433 1314 2485 rescripsit
1336 2433 1597 2482 Bentleius‚
1629 2432 1840 2471 Enniana
1862 2432 1990 2484 poesi
2020 2432 2069 2471 in

167 2490 372 2535 breuius,
406 2495 456 2529 ut
487 2489 682 2538 uidetur,
716 2490 770 2528 ab
802 2489 884 2529 illo
917 2493 1169 2530 contracta.
1232 2488 1363 2540 Quod
1395 2489 1647 2529 scholiasta
1678 2488 1934 2529 Vaticanus
1974 2487 2068 2528 illis

166 2546 469 2597 naufragio
503 2546 768 2598 expulsus
799 2546 1016 2598 uspiam
1050 2546 1296 2598 adscripsit
1325 2549 1503 2585 ‘uersus
1536 2545 1671 2584 Ennii
1686 2548 1713 2592 ⁷,
1747 2544 1954 2584 Halmius
1979 2544 2068 2584 Ga—

167 2605 344 2643 ratonio
378 2604 602 2652 adsentit,
648 2603 724 2654 qui
757 2602 990 2654 superiore
1024 2603 1176 2655 aliquo
1208 2602 1449 2642 Ennianae
1483 2602 1673 2641 fabulae
1703 2601 1803 2641 loco
1835 2601 1949 2640 talia
1981 2600 2073 2653 legi

165 2660 371 2709 potuisse
405 2660 614 2705 censuit.)
674 2659 788 2698 Non.
821 2661 924 2707 405,
957 2661 982 2699 3
1016 2663 1336 2712 ‘spargere,
1377 2658 1684 2698 madefacere.
1743 2657 1952 2697 Lucilius
1986 2657 2064 2696 lib.

165 2714 363 2755 XVIIII:
401 2713 548 2767 [310]’
584 2729 699 2767 quae
733 2720 812 2754 aut
844 2715 1052 2755 traducta
1084 2720 1190 2756 sunt
1222 2729 1248 2754 a
1280 2715 1459 2755 Lucilio
1492 2718 1571 2754 aut
1600 2714 1889 2754 librariorum
1923 2713 2068 2752 turbis

167 2785 402 2823 perperam
442 2771 537 2811 eius
575 2773 752 2811 nomine
786 2771 1052 2814 afferuntur.
1114 2772 1394 2823 ‘Thyesteas
1437 2774 1623 2824 preces’
1665 2770 1814 2822 tangit
1846 2769 2068 2810 Horatius

169 2828 299 2880 epod.
331 2830 370 2867 V
401 2829 477 2877 86,
516 2829 595 2867 ubi
634 2828 693 2867 cf.
732 2828 872 2868 schol.
991 2829 1242 2869 Praeterea
1282 2828 1427 2868 eidem
1467 2827 1654 2867 fabulae
1695 2827 1835 2867 tribui
1876 2829 2068 2879 possunt

167 2885 250 2926 inc.
285 2898 401 2924 nom.
436 2884 577 2927 XXX.
611 2884 1096 2935 XXXVII—XXXIX,
1130 2886 1218 2927 inc.
1250 2885 1341 2926 inc.
1374 2885 1466 2924 fab.
1498 2883 1637 2923 LVII.

278 2943 372 2984 Ixc.
405 2941 524 2983 Nou.
558 2941 671 2983 Rm..
705 2941 725 2980 Ι
759 2940 917 2981 Cicero
949 2955 1027 2994 pro
1061 2943 1193 2982 Rosc.
1227 2941 1324 2980 Am.
1359 2943 1434 2991 32,
1467 2943 1522 2981 90
1562 2939 1756 2980 ‘multos
1786 2951 1945 2980 caesos
1977 2951 2067 2978 non

166 2997 224 3036 ad
253 2997 579 3036 Trasumenum
609 2997 776 3047 lacum,
809 2998 889 3038 sed
922 2998 980 3038 ad
1014 2998 1256 3038 Seruilium
1288 2997 1498 3037 uidimus.
1561 2996 1695 3046 Quis
1734 2995 1815 3036 ibi
1846 3008 1950 3035 non
1981 2997 2067 3034 est

164 3067 207 3096 u.
244 3054 272 3093 f.
308 3055 379 3092 Ε]
443 3052 593 3093 schol.
632 3052 828 3093 Gronou.
868 3056 914 3093 in
946 3053 1037 3094 Cic.
1072 3054 1100 3096 l.
1132 3054 1162 3095 l.
1203 3053 1352 3093 ‘ferro
1386 3049 1573 3106 Frugio]
1615 3053 1668 3091 in
1708 3051 1886 3092 Ennio
1926 3051 2067 3090 haec

167 3109 360 3149 fabula
399 3109 689 3148 inducitur
728 3109 983 3158 Achillis,
1033 3123 1134 3162 quo
1179 3114 1428 3162 tempore
1479 3112 1709 3162 propter
1756 3106 2067 3147 Briseidam

167 3178 280 3205 cum
330 3165 564 3206 Graecis
616 3179 863 3219 pugnare
915 3167 1122 3207 noluit:
1184 3179 1283 3218 quo
1337 3166 1506 3205 etiam
1556 3169 1803 3216 tempore
1855 3163 2067 3202 Hector

167 3223 404 3263 classem
452 3235 633 3262 eorum
680 3222 951 3262 incendit.
1013 3223 1218 3276 In3hac
1262 3234 1446 3274 pugna
1491 3220 1686 3260 Vlixes
1730 3218 2066 3259 uulneratus

307 3392 405 3438 309
445 3406 545 3452 sqq.
588 3405 810 3438 numeros
848 3396 1088 3438 constituit
1126 3394 1374 3438 Bentleius
1492 3390 1589 3436 311
1631 3388 1916 3448 sepulchrum
1954 3389 2068 3434 libri

307 3462 405 3508 313
435 3462 491 3506 ibi
520 3477 608 3507 non
643 3468 712 3507 est
739 3462 902 3508 Cicero
931 3463 1045 3506 enim
1073 3464 1333 3508 scholiasta
1418 3460 1596 3520 phirgio
1625 3460 1889 3504 Helmstad.
1931 3459 2065 3518 phry-

167 3533 240 3591 gio
281 3536 430 3577 ceteri
468 3532 559 3578 Cic.
611 3533 776 3593 Brugio
819 3533 1023 3577 Ennium
1071 3536 1322 3591 scripsisse
1368 3535 1462 3576 iam
1504 3530 1724 3575 Osannus
1774 3531 1902 3574 anal.
1953 3533 2060 3574 crit.

169 3602 231 3647 15
272 3606 445 3648 monuit
484 3606 604 3648 conl.
651 3602 742 3648 Cic.
783 3609 978 3648 oratore
1016 3602 1108 3657 48,
1152 3603 1251 3649 160
1288 3602 1361 3660 (Τι’.
1392 3600 1480 3658 Vll)
