2299 3803
566 192 645 232 EX
677 192 960 233 INCERTIS
992 191 1392 234 INCERTORVM
1424 193 1681 233 FABVLIS
1974 192 2078 242 255

324 320 541 390 Segetes
582 322 765 391 largiri
807 323 1011 392 fruges,
1052 323 1239 375 florere
1280 323 1481 391 omnia,

321 417 363 469 F
370 419 522 470 ontes
564 421 787 486 scatere,
827 419 1006 471 herbis
1047 421 1201 488 przita
1242 417 1607 471 eonuestl'rier.

927 537 1160 590 LXXIII
1203 536 1323 609 (42)

322 634 472 702 Tela,
513 633 723 702 famuli,
763 635 870 685 te‘la
909 653 1133 703 propere
1178 632 1375 704 [fe'rte]!
1419 635 1656 704 sequitur
1698 636 1779 685 me
1820 635 1974 687 Toas.

929 753 1159 806 LXXIV
1203 752 1324 824 (30)

1385 852 1556 919 neque
1597 868 1679 902 me
1721 852 1895 919 patiar

176 948 280 999 140
320 946 536 998 'Iterum
578 948 643 999 ad
686 966 850 999 unum
892 947 1169 1015 scopulum
1211 951 1269 998 ut
1309 948 1436 999 olim
1477 949 1700 999 eliissem
1741 948 2006 999 Achiuom

1458 1045 1739 1097 offendere.

1023 1140 1226 1194 LXXV

395 1280 404 1289 .
469 1256 623 1290 saxea
667 1238 746 1289 est
786 1256 1007 1290 uerruea
1050 1239 1105 1289 in
1148 1242 1355 1290 summo
1398 1239 1596 1290 montis
1636 1240 1849 1290 uertice.

169 1401 260 1448 les,
295 1404 366 1439 ut:
408 1401 669 1441 bacarum
702 1402 964 1442 ubertate
998 1403 1417 1443 ineuruiseere.'
1481 1403 1596 1443 Non.
1631 1404 1733 1452 122,
1770 1403 1817 1441 17
1861 1403 2077 1441 ‘ineur-

168 1458 403 1498 uiseere.
445 1456 604 1498 Cicero
638 1458 693 1498 de
725 1463 904 1498 oratore
935 1458 1015 1499 lib.
1049 1472 1132 1498 111:
1166 1463 1217 1498 ut
1246 1459 1508 1498 bacarum
1538 1458 1858 1498 ubertatem
1889 1459 2074 1499 incur—

168 1515 402 1556 uiseere.
463 1515 533 1553 Ita
567 1519 612 1554 et
642 1516 688 1554 in
720 1515 997 1555 Tusculanis
1029 1515 1108 1557 lib.
1142 1519 1193 1557 1.’
1254 1515 1507 1555 Manifesto
1540 1514 1598 1554 ad
1630 1516 1766 1554 Ennii
1798 1515 2076 1555 Eumenides

166 1572 400 1623 pertinent
432 1571 659 1611 translata
692 1585 747 1611 ex
778 1572 937 1614 Aeseh.
973 1574 1054 1613 903
1089 1584 1209 1624 sqqst

505 1640 586 1683 καὶ
621 1641 773 1684 ταῦτα
785 1642 976 1707 ,γῆθεν
995 1639 1046 1684 ε”κ
1078 1655 1126 1683 τε
1158 1641 1358 1690 ποντίας
1392 1638 1564 1697 δρόσου

510 1693 558 1748 ἐξ
592 1692 804 1749 οὐρανοῦ
834 1713 884 1740 τε
917 1692 1139 1768 κοῖνέμων
1171 1693 1366 1752 ἀήματα

511 1751 710 1820 εὐηλίως
740 1753 917 1798 πνέοντ
971 1749 1256 1809 ἐπιστείχειν
1280 1749 1470 1824 χθόνα·

507 1808 690 1877 καρπόν
721 1827 770 1853 τε
791 1813 944 1878 ,γαίας
975 1811 1057 1853 καὶ
1089 1811 1249 1876 βοτῶν
1270 1806 1522 1875 ἐπίρρυτον

505 1862 719 1911 οἷστοῑσιν
752 1863 1058 1912 εὐθενοῦντα
1088 1863 1152 1922 μὴ
1172 1862 1389 1932 κάμνειν
1421 1883 1596 1922 χρονῳ,

503 1924 585 1966 καὶ
617 1925 710 1967 τῶν
741 1925 965 1980 βροτείων
999 1919 1277 1979 σπερμάτων
1310 1925 1560 1979 σωτηρίαν.

282 1997 481 2038 LXXIII
515 1997 796 2037 Censminus
827 1997 988 2050 fiagm.
1024 2010 1060 2036 e.
1090 1999 1140 2036 14
1172 2010 1214 2050 p.
1236 1999 1290 2038 95
1320 1997 1449 2037 Iahn.
1485 1998 1611 2047 (2726
1634 1997 1704 2050 P.)
1739 2003 2076 2047 ‘tetrametr0s‚

167 2057 243 2106 qui
283 2051 447 2094 Latine
490 2053 733 2107 quadratus
772 2059 984 2102 uocatur,
1027 2053 1265 2093 eboriacus
1306 2054 1414 2093 talis
1457 2059 1549 2093 est:
1588 2055 1733 2095 tela’
1768 2069 1805 2099 e,
1840 2070 1881 2108 q.
1913 2070 1947 2096 s.
2009 2058 2076 2097 Aa

168 2111 373 2162 Chrysen
406 2111 597 2150 Pacuuii
631 2111 805 2152 rettuli.
921 2110 1112 2150 LXXIV
1147 2109 1240 2153 Cic.
1274 2110 1328 2150 de
1353 2123 1416 2153 or.
1437 2111 1506 2150 ΙΙΙ
1528 2114 1604 2160 41,
1630 2113 1707 2152 166
1741 2112 1863 2162 (uide
1887 2113 2075 2165 LXVII)

171 2168 229 2207 ef.
265 2168 351 2209 Iul.
386 2167 507 2207 Viet.
543 2181 580 2207 c.
612 2168 666 2207 20
698 2181 740 2220 p.
764 2169 845 2207 252
878 2168 952 2207 Or.
976 2167 1074 2217 (432
1102 2166 1172 2218 Η.)
1216 2168 1443 2206 Incertum
1478 2172 1622 2208 utrum
1658 2182 1711 2207 ex
1744 2170 1986 2220 tragoedia
2020 2185 2077 2209 an

166 2237 220 2264 ex
261 2224 497 2264 comoedia
537 2228 764 2276 sumptum
806 2224 880 2263 sit.
941 2223 1012 2263 Cf.
1050 2223 1204 2262 Plauti
1239 2224 1369 2263 Most.
1412 2224 1479 2263 III
1515 2227 1556 2271 l,
1592 2227 1668 2265 147
1702 2226 1840 2268 Mere.
1875 2227 1894 2265 I
1927 2228 1973 2275 2,
2006 2229 2074 2267 84.

164 2280 353 2320 Terenti
385 2280 564 2323 Phorm,
598 2280 662 2320 IV
692 2283 739 2330 4,
773 2281 819 2329 83
859 2280 1050 2320 Zenobii
1083 2293 1207 2333 prou.
1243 2280 1311 2320 III
1345 2282 1397 2319 29
1437 2285 1482 2320 et
1524 2294 1634 2333 quos
1675 2286 1911 2333 praeterea
1950 2283 2077 2323 locos

166 2336 361 2376 laudant
395 2337 596 2378 editores
630 2337 976 2389 Gottingenses.
1115 2336 1281 2376 LXXV
1315 2337 1631 2387 Quintilianus
1665 2339 1771 2378 VIII
1805 2342 1854 2390 3,
1886 2340 1940 2379 48
1973 2339 2076 2379 ‘de-

167 2393 390 2434 formitati
422 2395 675 2446 proximum
709 2399 778 2434 est
809 2393 1083 2434 humilitatis
1106 2394 1269 2433 uitium
1304 2393 1610 2444 (ταπείνωσιν
1641 2395 1855 2447 uocant),
1890 2408 1979 2448 qua
2011 2397 2073 2435 rei

166 2586 347 2618 nascere
386 2574 519 2619 codd.
562 2575 673 2632 aliq.
715 2573 1050 2618 incurueseeret
1084 2573 1188 2619 Erl.
1218 2589 1246 2618 α
1286 2573 1345 2618 (le
1384 2579 1505 2619 orat.
1547 2575 1857 2634 inturgeseere
1887 2575 2002 2620 Gud.
2033 2577 2075 2632 b,

165 2644 276 2703 aliq.
316 2643 505 2703 Laqom.
546 2644 858 2688 ineurueseere
896 2644 1007 2689 libri
1042 2647 1204 2702 optimi
1238 2647 1285 2689 in
1330 2644 1489 2702 Tuscu,
1530 2645 1634 2689 Erl.
1663 2646 1688 2689 b
1727 2647 1783 2689 (le
1821 2660 1888 2689 or.
1930 2647 2076 2690 ineur-

165 2713 347 2758 beseere
385 2715 582 2762 Abrinc.
621 2716 678 2759 (Ie
717 2730 786 2759 or.
935 2714 1032 2759 137
1074 2722 1196 2774 prata
1242 2716 1540 2759 conuestirier
1580 2714 1734 2760 Uerbis
1777 2716 1992 2760 Naelcius
2028 2718 2073 2760 in

180 2785 336 2828 Valer.
380 2784 480 2829 Cat.
521 2799 568 2841 p.
599 2783 664 2829 43
780 2784 877 2830 138
921 2784 1005 2829 tela
1046 2799 1238 2844 propere
1279 2784 1392 2829 serie
1433 2786 1484 2830 L.
1515 2786 1722 2830 Mueller
1748 2801 1861 2831 (tien.
1889 2787 2070 2843 pliiloll.

165 2854 298 2901 1868
335 2870 384 2913 p.
414 2854 515 2901 433
557 2854 642 2899 tela
683 2868 876 2914 propere
914 2856 1026 2900 libri
1064 2855 1150 2899 [ela
1189 2869 1406 2915 propere,
1449 2855 1532 2900 tela
1561 2855 1750 2914 Lipsius
1785 2859 1918 2914 apud
1942 2857 2072 2901 Scri-

164 2929 366 2982 uerium‚
397 2926 611 2970 thelrius
636 2924 810 2983 opusc.
832 2925 859 2970 1
879 2925 942 2971 92
973 2925 1074 2982 tela,
1109 2925 1192 2970 [ela
1224 2939 1416 2985 propere
1437 2925 1640 2972 Botleius
1712 2927 1840 2972 thoas
1862 2927 2071 2973 Dctrmsl.

271 2996 368 3042 139
397 2997 543 3056 patior
569 2996 759 3055 Lctqom.
787 2997 1023 3055 plerique,
1061 2996 1177 3041 Viet.
1210 2997 1329 3042 Gud.
1360 3011 1388 3040 α
1418 3002 1462 3041 et
1489 2998 1515 3042 b
1553 2998 1642 3057 pati
1678 2996 2003 3044 Buechelerus
2101 3056 2104 3060 .

167 3065 267 3112 140
304 3067 465 3111 iterum
495 3082 580 3112 om.
610 3067 716 3111 Erl.
743 3067 769 3111 b
797 3068 993 3112 Abrinc.
1022 3067 1214 3127 Lagona.
1247 3066 1275 3111 2
1303 3065 1333 3110 4
1365 3066 1428 3113 13
1458 3067 1522 3113 32
1633 3067 1684 3112 ad
1713 3082 1850 3113 unum
1877 3070 1989 3114 libri
2024 3074 2074 3113 ut

161 3137 368 3182 Plautus
388 3137 525 3182 Most.
551 3137 667 3198 677.
696 3136 915 3181 aduncum
944 3139 1048 3182 olim
1077 3143 1252 3183 temere
1280 3140 1597 3184 coniecerant.
1691 3146 1738 3184 ut
1766 3139 1870 3184 olim
1900 3141 2078 3198 scripsi

165 3213 215 3251 ut
241 3207 386 3252 celum
414 3208 521 3252 Erl.
549 3223 577 3252 α
605 3214 654 3251 ut
694 3207 833 3252 telum
862 3208 966 3253 Erl.
995 3208 1020 3252 b
1061 3215 1106 3253 et
1132 3208 1264 3253 alium
1295 3208 1412 3253 Gud.
1443 3224 1470 3253 α
1512 3216 1556 3253 et
1581 3208 1724 3253 celum
1752 3210 1940 3268 Layom.
1969 3209 1999 3253 4
2028 3216 2074 3254 et

162 3277 337 3322 eoelum
365 3278 556 3337 Laqom.
585 3277 646 3323 81
679 3285 723 3322 et
752 3277 888 3322 telum
918 3281 1071 3323 ceteri
1166 3279 1383 3323 Achiuom
1411 3280 1606 3324 Abrine.
1637 3280 1827 3339 Layom.
1858 3279 1886 3323 2
1913 3295 1970 3324 m.
1988 3294 2070 3337 pr.

166 3346 228 3392 13
257 3346 321 3392 32
351 3363 483 3393 corr.
513 3348 630 3394 Gud.
660 3362 686 3393 e
725 3348 942 3393 Achiuum
979 3351 1056 3394 uel
1093 3349 1280 3394 Achium
1316 3353 1466 3394 ceteri
1573 3350 1625 3393 ad
1667 3364 1800 3393 unum
1836 3349 2071 3408 scopulum

162 3416 323 3462 iterum
351 3432 499 3463 crasse
539 3418 765 3464 offendere
803 3418 957 3465 Iulius
999 3420 1173 3465 Victor.
1213 3420 1511 3466 Pentamelri
1544 3421 1779 3466 trochaici
1813 3426 2071 3465 monstrum

162 3484 309 3545 neque
335 3502 455 3533 nune
479 3490 622 3548 patiar
647 3490 809 3533 iterum
837 3488 891 3533 ad
919 3503 1055 3534 unum
1083 3505 1146 3536 se.
1176 3497 1251 3536 aut
1278 3505 1427 3535 ocrem
1456 3491 1641 3536 classem
1662 3492 1709 3534 A.
1731 3504 1771 3534 o.
1789 3493 2072 3548 procreauit

167 3555 408 3617 Berylcius
446 3560 628 3616 ephem.
670 3563 817 3618 antiq.
855 3560 993 3605 XIII
1025 3560 1125 3606 294
1263 3560 1357 3604 141
1399 3575 1527 3605 saxea
1575 3568 1643 3604 est
1690 3562 1853 3605 anecd.
1894 3561 2069 3614 Paris„
