2299 3803
585 188 666 228 EX
695 188 979 230 INCERTIS
1010 189 1411 231 INCERTORVM
1443 189 1700 230 FABVLIS
1989 191 2091 242 273

339 316 507 387 Finge
550 318 812 370 aduenam
853 338 986 371 csse:
1028 317 1105 371 nil
1147 320 1371 371 fraterni
1412 320 1644 370 nominis

340 412 605 466 Solle'mne
647 416 901 467 auxilium
942 420 993 467 et
1034 420 1232 468 numen
1272 413 1496 467 Pietatis
1537 416 1754 467 mouet?

1018 534 1268 586 CXLVII

408 671 416 680 .
473 647 737 698 quaenam
775 632 827 680 te
869 629 1115 698 adigunt,
1155 630 1373 697 hospeS,

191 724 299 793 250
341 723 544 795 Stagna
584 725 795 794 capacis
837 725 1008 776 uisere
1049 724 1291 776 Auerni?

1005 842 1283 896 CXLVIII

341 938 502 1009 Agite
544 941 573 992 ό
614 941 792 1010 pelagi
834 942 1097 1007 eurs6rCS,

340 1034 601 1105 Cupidam
643 1034 702 1088 1'11
741 1037 971 1106 patriam
1012 1037 1244 1105 portate!

1033 1154 1255 1207 CXLIX

337 1250 674 1304 Dele‘tioneni
714 1242 891 1304 nostri
926 1252 991 1303 ad
1032 1270 1199 1303 unum
1240 1251 1499 1303 exercitus

338 1467 468 1519 Pars
509 1467 747 1519 difflatur
786 1469 973 1535 uento,
1014 1485 1137 1535 pars
1180 1469 1358 1517 autem
1400 1466 1688 1535 obrigescit
1726 1466 1942 1537 frigore.

192 1681 299 1733 255
807 1701 928 1734 cum
967 1684 1095 1734 uota
1135 1682 1271 1733 bene
1311 1681 1409 1732 tibi
1449 1682 1847 1752 responderint,

340 1778 490 1830 Tunc
530 1778 694 1830 funde
734 1779 909 1830 libans

191 1953 280 1981 uno
302 1941 441 1981 uerbo
466 1940 742 1981 cluduntur.'
766 1941 954 1993 Tragici
978 1947 1142 1994 poetae
1166 1953 1325 1982 uersus
1349 1941 1539 1993 agnouit
1562 1942 1619 1981 M.
1640 1942 1870 1994 Hauptius
1891 1943 2095 1995 (gramm.

197 1999 322 2038 Latt.
356 1998 497 2036 Keilii
530 1998 620 2040 uol.
651 1999 672 2038 I
705 2011 747 2050 p.
781 2000 896 2047 610).
1000 1997 1211 2038 CXLVII
1244 1997 1478 2038 Charisius
1511 2011 1553 2050 p.
1586 2000 1667 2039 289
1702 1998 1771 2038 ed.
1805 2000 1925 2040 Keil.
1961 2000 2109 2041 ‘libe-.

194 2055 288 2094 rius
325 2066 503 2106 quoque
537 2053 839 2094 confitendum
874 2058 944 2094 est
975 2067 1059 2094 nec
1091 2054 1264 2093 distare
1296 2054 1437 2094 melos
1470 2067 1497 2094 a
1528 2054 1727 2106 rythmo,
1768 2056 1884 2107 quod
1918 2056 2100 2109 quidam

196 2114 492 2162 putauerunt.
555 2124 658 2150 nam
699 2123 800 2150 esse
842 2112 926 2150 hoc
967 2117 1144 2151 metron
1185 2123 1455 2162 quaenam
1499 2142 1509 2152 .
1537 2141 1580 2151 ..
1627 2111 1862 2152 Auerni'
1905 2126 1943 2153 e.
1984 2126 2025 2165 q.
2064 2126 2099 2155 S.

193 2167 370 2216 Quibus
398 2167 520 2207 adde
555 2180 673 2219 quae
707 2181 761 2206 ex
792 2181 834 2220 p.
864 2169 946 2208 290
980 2169 1188 2219 excerpsi
1227 2167 1285 2206 ad
1317 2167 1431 2207 Attii
1462 2167 1660 2207 Philoct.
1693 2169 1727 2210 I.
1774 2168 1998 2208 Hercules
2031 2172 2095 2209 in-

193 2224 417 2276 terrogari
458 2224 652 2264 uidetur.
813 2223 1045 2264 CXLVIII
1076 2223 1321 2263 Diomedes
1355 2237 1394 2276 p.
1428 2225 1508 2264 512
1540 2223 1591 2266 Ρ.
1625 2225 2002 2277 ‘anapaesticum
2035 2226 2099 2264 di-

192 2285 386 2319 metrum
423 2278 472 2319 fit
512 2280 762 2331 incisione,
805 2281 933 2320 cuius
973 2280 1088 2320 haec
1121 2280 1330 2333 exempla
1363 2285 1491 2319 sunt:
1532 2281 1683 2333 agite’
1728 2294 1765 2323 e.
1799 2295 1838 2334 q.
1872 2294 1905 2323 S.
1969 2285 2102 2321 ‘sunt

193 2336 265 2375 hic
297 2337 394 2376 bini
425 2337 669 2389 anapaesti
700 2341 779 2376 aut
801 2337 878 2388 qui
911 2337 1053 2389 recipi
1086 2336 1248 2385 solent,
1282 2338 1328 2376 in
1359 2336 1447 2376 imo
1480 2341 1631 2376 autem
1671 2342 1750 2376 aut
1780 2337 2001 2378 bacchius
2034 2343 2101 2378 est

207 2424 216 2432 .
237 2423 273 2433 ..
303 2397 384 2432 aut
416 2393 671 2434 molossus.’
731 2394 930 2445 Tragico
963 2397 1128 2446 poetae
1160 2393 1323 2433 tribuit
1342 2394 1395 2433 L.
1429 2393 1626 2432 Mueller
1657 2393 1710 2434 de
1743 2407 1789 2434 re
1820 2407 1874 2433 m.
1908 2396 1990 2434 433

196 2449 385 2488 CXLIX
424 2449 600 2491 Nonius
642 2463 683 2501 p.
718 2452 786 2501 97,
826 2452 850 2489 2
893 2449 1147 2490 ‘deletio.
1209 2449 1471 2489 Lucilius
1510 2449 1587 2489 lib.
1628 2449 1873 2491 XXVIIII:
1912 2451 2100 2490 deletio-

193 2509 322 2544 nem'
358 2519 396 2547 e.
429 2520 468 2559 q.
504 2520 538 2550 s.
602 2505 917 2546 Graecanicae
952 2507 1066 2546 artis
1098 2506 1240 2546 habes
1272 2507 1544 2555 trimetrum3
1584 2507 1727 2546 uerba
1759 2507 1831 2546 uel
1863 2506 1917 2546 de
1956 2507 2098 2547 Grae-

196 2573 349 2602 corum
380 2563 518 2602 Troia
550 2563 835 2603 redeuntium
867 2563 1112 2615 naufragio
1144 2562 1221 2602 uel
1254 2563 1301 2602 in
1331 2562 1480 2602 Paulo
1511 2562 1706 2602 Pacuuii
1736 2562 1790 2602 (le
1823 2562 1951 2602 clade
1983 2562 2099 2603 Can-

193 2620 325 2658 nensi
355 2620 564 2671 usurpari
595 2623 854 2672 potuerunt.
943 2619 1013 2658 Ex
1045 2618 1204 2660 eodem
1227 2619 1399 2659 Lucilii
1429 2618 1545 2659 libro
1575 2619 1697 2673 apud
1718 2620 1912 2660 Nonium
1935 2633 1977 2672 p.
2002 2621 2100 2670 289,

197 2675 217 2712 1
251 2674 368 2715 haee
401 2680 621 2728 excerpta
652 2680 780 2716 sunt:

645 2731 880 2773 detr1issus
912 2735 1010 2772 tota
1042 2730 1088 2773 ui
1120 2732 1415 2784 deiectusque
1446 2727 1595 2772 'Italia

195 2786 517 2838 (cletrursus
547 2788 652 2828 libri
685 2789 948 2829 detrusus
971 2791 1203 2829 Mercerus
1271 2789 1527 2829 deiectus
1558 2789 1686 2829 Dusa
1719 2788 1943 2828 deiecta
1975 2787 2097 2838 libri)

306 2842 382 2883 CL
415 2844 588 2885 Nonius
620 2858 661 2897 p.
694 2848 764 2897 97,
798 2847 848 2885 12
882 2844 1142 2885 ‘difflare
1175 2848 1245 2885 est
1275 2845 1384 2884 flatu
1416 2845 1674 2885 disturbare
1713 2875 1720 2884 .
1749 2875 1757 2884 .
1786 2875 1794 2883 .
1836 2844 2096 2885 Lucilius

191 2899 268 2939 lib.
306 2899 477 2940 XXVI:
517 2905 650 2954 pars’
694 2915 731 2945 e.
766 2915 806 2954 q.
839 2914 874 2943 s,
935 2902 1155 2942 Fortasse
1194 2901 1308 2941 haec
1349 2913 1526 2953 quoque
1567 2914 1622 2940 ex
1658 2900 1901 2953 tragoedia
1941 2899 2096 2952 aliqua

191 2956 400 2996 Lucilius
431 2956 599 3001 hausit.
658 2956 726 2998 Cf.
758 2959 930 2998 Pacuu.
967 2960 1045 2997 112
1078 2957 1164 2997 inc.
1196 2959 1287 2997 inc.
1321 2957 1414 2998 fab.
1448 2958 1552 2998 XIV
1669 2957 1769 2997 CLI
1804 2956 1953 2999 Schol.
1987 2957 2101 2996 Ber-

193 3025 321 3056 nens,
363 3012 421 3052 ad
452 3013 588 3066 Verg.
619 3029 690 3068 ge.
720 3016 764 3055 II
800 3016 879 3055 194
910 3028 956 3067 p.
988 3016 1068 3054 902
1102 3015 1159 3058 H,
1200 3017 1326 3053 ‘cum
1358 3017 1467 3054 uota
1497 3014 1581 3052 tibi
1612 3014 1727 3054 bene
1761 3013 2095 3065 responderint,
2124 3050 2130 3053 a

193 3074 300 3108 tunc
334 3069 472 3109 funde
503 3069 689 3111 libans.'
737 3071 980 3123 Adscripta
1011 3070 1128 3109 haec
1161 3070 1303 3110 fuisse
1338 3070 1396 3109 ad
1427 3083 1469 3109 U.
1496 3072 1573 3110 192
1606 3070 1825 3122 (‘pateris
1858 3069 2099 3108 libamus

194 3130 241 3164 et
273 3138 382 3165 auro
397 3127 428 3176 ⁹)
462 3129 695 3180 perspexit
726 3128 944 3180 Hagenus
978 3141 1018 3179 p.
1053 3129 1156 3178 729,
1198 3128 1274 3179 qui
1314 3126 1388 3165 uel
1423 3127 1590 3178 tragici
1631 3126 1703 3165 uel
1737 3126 1898 3166 comici
1931 3129 2095 3177 poetae

200 3181 391 3221 frustum
426 3195 524 3222 esse
559 3184 746 3224 monuit.

197 3332 375 3377 miseret
401 3333 648 3392 Hauplius
719 3346 841 3378 meae
868 3335 987 3378 idem
1015 3344 1082 3375 me
1109 3332 1182 3375 ecl.
1200 3345 1300 3389 pru,
1329 3346 1416 3376 om.
1444 3332 1546 3376 cod.
1641 3329 1739 3374 247
1769 3329 1828 3372 nil
1852 3329 2101 3386 Hauplr’us

195 3401 303 3445 nihil
341 3405 443 3450 cod.
578 3403 678 3449 248
718 3417 883 3447 numen
925 3402 1367 3458 Hauplius'nomen
1407 3403 1508 3446 cod.
1657 3398 1756 3444 252
1805 3398 2016 3457 cupidum
2056 3401 2099 3443 si

195 3472 402 3531 leyalur,
427 3475 697 3520 Philocteta
724 3475 856 3531 apud
880 3474 1055 3518 Attium
1083 3484 1260 3517 canere
1283 3475 1508 3529 poluerit.
1619 3469 1718 3514 255
1750 3467 1825 3512 libi
1852 3468 1963 3512 bene
1991 3470 2095 3513 cocl.

197 3539 308 3585 bene
347 3544 490 3588 animo
531 3551 609 3589 tuo
648 3546 882 3605 Hccyemcs
1013 3541 1113 3586 256
1154 3557 1216 3586 an
1257 3541 1419 3598 funde,
1460 3540 1574 3585 liba?

283 3629 476 3670 Rmnzex,
501 3631 634 3663 Scaen.
658 3630 794 3671 fragm.
1186 3652 1199 3663 ι
1692 3640 1744 3676 18
