2294 3844
225 279 322 330 19ss
1014 276 1066 315 L.
1098 272 1312 315 ATT1vs

707 401 1196 458 MYRMIDONES
1258 402 1396 454 Vide
1436 420 1485 468 p.
1530 400 1630 452 137

906 517 1445 575 NEOPTOLEMVS

1100 616 1125 668 I
1167 613 1249 685 (8)

1197 712 1323 780 quid
1364 711 1408 762 si
1449 729 1512 762 ex
1551 709 1772 762 Graecia

221 817 328 868 465
370 815 529 867 Onmi
569 814 713 866 sslius
754 831 850 882 par
890 812 1047 863 nemo
1088 806 1315 877 reperiri
1350 807 1566 875 potest?

369 1030 518 1082 Haut
559 1027 841 1098 quisquam
880 1026 1024 1095 potis
1066 1027 1147 1076 est
1184 1024 1413 1075 tolerare
1455 1022 1820 1074 acritudinem.

1057 1142 1140 1195 III
1181 1140 1301 1212 (12)

549 1286 560 1296 .
636 1242 878 1295 ueritatis
918 1241 1000 1292 1113
1042 1242 1201 1308 atque
1242 1238 1436 1290 {toritas

372 1458 500 1512 Vim
538 1457 816 1525 ferociam,
856 1456 1022 1508 animi
1063 1455 1421 1522 atrocitatem,
1460 1453 1595 1504 iram
1636 1453 1983 1504 acrimoniam

375 1659 514 1711 saitis
554 1659 660 1710 iam
701 1657 901 1709 dictum
941 1659 1043 1724 est,
1089 1657 1260 1728 neque
1309 1672 1408 1723 ego
1458 1654 1721 1705 errantiae
1763 1652 1930 1704 {inimi
1968 1671 2133 1720 praue

1558 1749 1939 1819 morigerabor.

227 1952 336 2003 470
376 1949 554 2017 Atque
595 1948 727 2000 adeo
767 1947 955 1998 ualuas
996 1946 1183 1996 sonere
1226 1943 1366 1995 sensi
1405 1943 1596 2012 regias.

377 2165 539 2216 Dolet
576 2163 844 2232 pudetque
884 2160 1104 2213 Graiium
1143 2178 1226 2210 me
1267 2162 1320 2210 et
1360 2158 1487 2209 uero
1529 2157 1692 2226 piget.

343 2328 684 2367 NEOPTOLEMVS
752 2325 820 2364 De
861 2324 1008 2364 forma
1037 2324 1387 2362 NEOPTOLOMVS
1427 2318 1499 2371 (cf.
1535 2320 1588 2359 fr.
1620 2319 1705 2359 111.
1740 2319 1793 2371 V)
1836 2323 1882 2358 et
1914 2320 2136 2360 similibus

235 2389 338 2437 post
367 2384 723 2424 Fleckeisenum
760 2381 931 2422 annall.
972 2379 1146 2432 philoll.
1184 2379 1292 2419 1866
1331 2392 1371 2430 p.
1413 2380 1435 2418 7
1470 2382 1515 2416 et
1555 2377 1669 2416 alios
1708 2375 1824 2415 dixit
1862 2377 1915 2416 L.
1948 2376 2140 2416 Mueller

232 2441 401 2480 ibidem
433 2443 540 2480 1867
575 2454 615 2491 p.
650 2441 744 2478 751.
865 2438 886 2476 I
924 2437 1040 2478 Non.
1080 2438 1185 2484 501,
1225 2437 1249 2474 2
1291 2434 1622 2486 ‘genetiuus
1662 2445 1743 2484 pro
1783 2432 1977 2472 (latino)
2093 2433 2139 2472 II

232 2498 400 2537 Festus
438 2511 480 2548 p.
521 2498 602 2536 356
640 2495 697 2534 M.
742 2494 1047 2540 ‘tolerare‚
1088 2493 1323 2544 patienter
1362 2491 1514 2532 ferre)
1676 2489 1748 2528 III
1785 2488 1900 2528 Non.
1941 2491 2046 2540 493,
2089 2491 2139 2528 15

236 2559 248 2576 ‘
269 2554 525 2593 acritas.’
561 2549 990 2603 (Neoptolomeo
1014 2548 1088 2599 W)
1123 2547 1302 2588 Gellius
1323 2546 1436 2587 XIII
1458 2549 1482 2586 3
1516 2546 1662 2585 ‘sicut
1695 2548 1847 2584 autem
1880 2545 1993 2584 nihil
2016 2546 2137 2597 quie-

235 2623 366 2661 quam
405 2610 620 2659 interest,
662 2607 906 2646 suauitudo
948 2605 1075 2644 dicas
1115 2617 1172 2643 an
1214 2604 1442 2650 suauitas,
1494 2601 1756 2641 sanctitudo
1803 2615 1861 2640 an
1899 2603 2137 2652 sanctitas,

238 2665 506 2706 acerbitudo
539 2677 597 2702 an
631 2663 870 2708 acerbitas,
904 2661 1109 2701 acritudo
1141 2673 1213 2705 an,
1249 2658 1367 2711 quod
1400 2659 1564 2698 Accius
1595 2658 1641 2696 in
1672 2657 1970 2708 Neoptolemo
2001 2659 2138 2710 scrip-

235 2723 316 2772 sit,
350 2721 586 2760 acritas:
620 2721 688 2758 ita
718 2718 834 2758 nihil
866 2718 1059 2757 rationis
1089 2716 1184 2755 dici
1213 2719 1387 2768 potest,
1427 2715 1535 2767 quin
1566 2714 1862 2754 necessitudo
1902 2719 1948 2754 et
1978 2727 2137 2754 neces-

235 2780 350 2818 sitas
384 2779 690 2830 separentur.’
825 2775 889 2815 IV
918 2775 1032 2820 Non,
1065 2775 1139 2823 73,
1171 2774 1225 2813 20
1265 2771 1602 2811 ‘acrimonia
1641 2774 1713 2810 est
1743 2771 1883 2810 animi
1914 2771 2140 2810 uiuacitas

243 2867 251 2874 .
272 2867 280 2874 .
302 2867 310 2875 .
456 2835 494 2873 V
524 2833 636 2873 Non.
671 2834 774 2882 204,
811 2834 860 2871 12
902 2835 1083 2870 ‘error
1115 2828 1355 2868 masculini
1395 2832 1466 2867 est
1497 2827 1677 2879 generis
1714 2858 1722 2866 .
1743 2857 1752 2866 .
1772 2858 1781 2867 .
1818 2827 2024 2866 feminini
2055 2827 2136 2866 Ac*

238 2893 334 2931 cius
364 2890 664 2942 Neoptolemo
694 2920 703 2928 .
731 2919 740 2928 .
766 2892 802 2928 .’
837 2886 1251 2939 (neoptholomo
1292 2885 1447 2926 Vrbin.
1482 2883 1582 2936 308)
1698 2884 1760 2923 VI
1792 2883 1906 2926 Non,
1939 2885 2044 2933 505,
2088 2885 2138 2923 13

239 2953 464 2987 ‘sonere
497 2945 600 2985 inde
634 2949 826 2984 tractum
859 2949 1007 2983 est..
1033 2947 1068 2981 .’
1204 2942 1292 2983 VII
1322 2941 1438 2981 Non.
1470 2942 1572 2986 424,
1609 2944 1628 2979 1
1671 2939 1867 2992 ‘pudet
1907 2944 1952 2979 et
1984 2939 2139 2992 piget

238 3005 323 3043 hoc
355 3004 518 3042 distat:
552 3002 695 3054 pudet
729 3003 846 3041 enim
878 2999 1189 3040 uerecundiae
1222 3002 1312 3048 est,
1346 2999 1501 3050 pigere
1535 2997 1852 3048 paenitentiae
1882 2999 1973 3036 ...’

240 3141 388 3182 reteri
424 3136 698 3180 1111111111111110
745 3135 886 3178 cluam
929 3135 1127 3179 Botleius
1287 3131 1387 3178 464
1429 3131 1605 3175 Graecia
1653 3132 1794 3188 uulyo
1834 3130 1985 3174 Grecia
2033 3131 2144 3175 libri

237 3211 455 3266 plerique
493 3206 667 3265 agrecia
706 3205 767 3248 JV
904 3205 1004 3250 465
1047 3205 1166 3248 0111111
1203 3204 1473 3248 Palmerius
1512 3201 1734 3258 Spe'ce'ley.
1773 3216 1851 3258 ap.
1893 3201 2026 3244 Grut.
2065 3201 2094 3245 I
2109 3201 2144 3246 V

242 3278 343 3324 818
384 3291 513 3322 omne
551 3277 662 3321 libri
770 3275 886 3319 illius
916 3274 1171 3319 Mera-prus
1208 3274 1331 3318 ilium
1358 3274 1470 3318 libri
1504 3271 1627 3315 illuni
1671 3272 1860 3316 Vossius
1956 3272 2141 3329 reperiri

246 3349 412 3393 Bamb.
452 3347 668 3406 repperiri
708 3349 858 3391 ceteri
891 3346 1005 3390 libri
1144 3344 1245 3390 46ss
1287 3344 1392 3387 liant
1430 3345 1485 3388 A.
1524 3343 1815 3399 Auyuslimcs
1851 3343 1897 3385 in
1937 3355 2024 3399 my.
2067 3349 2136 3385 aut

245 3421 345 3464 cod.
491 3417 591 3462 467
633 3417 834 3461 ueritatis
874 3415 942 3458 uis
985 3416 1173 3459 Vossius
1208 3416 1276 3459 uis
1317 3415 1515 3458 ueritatis
1551 3413 1664 3457 libri
1790 3410 1891 3456 468
1933 3411 2140 3455 ferociam

245 3490 434 3533 animum
473 3488 750 3531 atrocitatem
788 3486 900 3531 libri
935 3486 1142 3530 ferociam
1182 3486 1342 3541 animi,
1381 3485 1659 3528 atrocitatem
1698 3481 1899 3526 Botleius
2039 3481 2135 3526 471

245 3558 368 3602 dolet
394 3558 439 3601 F
439 3561 650 3602 raterius
688 3557 839 3602 Veris.
870 3556 923 3600 1]
951 3556 978 3598 5
1019 3556 1125 3599 doet
1159 3556 1271 3600 libri
1385 3569 1472 3613 que
1511 3555 1766 3597 Fruterius
1804 3565 1916 3610 quae
1952 3553 2066 3597 libri

247 3628 422 3672 Graium
463 3629 720 3672 Frzcterius
758 3628 959 3687 grauium
998 3628 1121 3670 libri.
1175 3625 1365 3670 Graiium
1407 3626 1637 3682 scriptum
1672 3622 1769 3681 fuit
