2294 3844
183 284 281 336 190
969 279 1023 319 L.
1055 275 1277 317 Arrlvs

1000 406 1134 459 XIII
1176 404 1258 476 (9)

327 508 433 572 Qui
455 510 595 578 potis
621 512 699 560 est
725 506 895 558 refelli
921 505 1225 573 quisquam,
1263 502 1355 553 ubi
1388 502 1592 552 millust
1617 498 1877 552 causandi
1897 499 2085 552 locus?

1001 599 1133 652 XIV
1175 596 1258 668 (4)

331 700 602 770 Principio
630 700 963 769 extispicium
1004 697 1067 747 ex
1091 693 1349 763 prodigiis
1375 695 1674 763 congruens
1701 711 1787 745 ars
1817 696 1870 744 te
1897 693 2089 762 august.

1002 790 1106 844 XV
1149 787 1268 860 (13)

186 898 294 949 420
336 940 344 947 .
387 939 395 947 .
439 938 447 947 .
489 896 666 946 lauere
709 893 860 945 szilsis
902 892 1112 943 uultum
1151 890 1401 942 Merumis
1444 928 1661 939 .....

989 986 1120 1039 XVI
1163 985 1283 1057 (10)

331 1086 540 1141 Pernici
582 1086 828 1139 orbificor
867 1082 1160 1136 liberorum
1197 1084 1305 1135 leto
1347 1086 1398 1134 et
1437 1079 1764 1133 tabificzibili.

998 1179 1160 1232 XVII
1201 1178 1284 1250 (3)

409 1281 540 1333 Fors
582 1279 909 1345 dominatur,
949 1295 1120 1346 neque
1165 1274 1451 1345 quiequam
1491 1273 1586 1325 ulli

411 1377 694 1445 Proprium
733 1374 793 1426 1'11
831 1375 943 1426 uita
985 1376 1079 1425 est.

907 1511 1376 1567 MELAXIPPVS

1068 1611 1094 1663 I
1137 1609 1219 1680 (92)

336 1713 506 1765 'Vnde
548 1711 664 1779 quis
704 1729 815 1762 non
855 1709 1096 1761 mortzilis
1137 1707 1322 1758 florem
1370 1703 1600 1756 liberum
1648 1702 1845 1755 inuidit
1884 1701 2097 1754 meum‘?

195 1864 362 1903 Accius
393 1861 530 1901 Meda
561 1863 653 1900 ...⁹
770 1858 881 1898 XIII
903 1857 1018 1897 Non.
1039 1856 1108 1905 89,
1143 1858 1167 1896 6
1200 1853 1478 1905 <causari‚
1514 1864 1699 1892 causam
1731 1851 1880 1891 dicere
1910 1851 1989 1891 uel
2021 1850 2099 1890 de-

198 1919 418 1960 senderest
535 1916 643 1957 XIV
664 1915 778 1957 Non.
803 1915 867 1963 16,
902 1916 952 1954 10
985 1912 1334 1964 ‘extispices
1368 1910 1549 1962 proprie
1574 1908 1805 1961 aruspices
1837 1907 1949 1948 dicti
1978 1911 2100 1953 sunt,

196 1976 315 2029 quod
347 1980 451 2016 exta
488 1974 722 2025 spiciant.’
828 1970 908 2009 XV
930 1970 1046 2010 Non.
1070 1971 1166 2016 504,
1199 1970 1224 2008 9
1258 1967 1480 2007 ‘lauere
1510 1965 1618 2006 inde
1648 1968 1847 2005 tractum
1877 1968 1951 2005 est
1978 1967 2099 2005 ....'

305 2033 411 2072 XVI
445 2032 555 2070 Non.
580 2031 676 2080 179,
699 2029 751 2068 26
785 2025 1191 2067 ‘tabificabile
1222 2023 1298 2064 uel
1318 2023 1586 2063 ‘tabificum’
1702 2021 1835 2061 XVII
1865 2021 1980 2063 Non.
2003 2021 2101 2070 362,

192 2093 219 2129 4
253 2088 567 2142 ‘proprium
598 2098 772 2125 rursum
805 2082 1038 2135 significat
1068 2083 1338 2135 perpetuum
1368 2111 1405 2120 ..
1425 2111 1434 2119 .
1463 2080 1632 2120 Accius
1662 2078 1900 2118 Armorum
1930 2076 2102 2116 iudicio

231 2178 240 2186 .
260 2177 269 2185 .
300 2145 420 2185 idem
443 2143 603 2184 Medea
634 2173 643 2182 .
664 2174 671 2181 .
692 2145 727 2182 .'
781 2140 853 2180 Cf.
887 2139 1097 2179 Lucilius
1128 2137 1250 2191 apud
1279 2137 1475 2177 Nonium
1506 2149 1548 2188 p.
1582 2136 1685 2184 362,
1719 2136 1794 2174 15:
1831 2132 1932 2174 mim
1963 2133 2102 2174 sciam

194 2202 310 2242 nihil
345 2200 443 2240 e'sse
477 2202 523 2239 in
554 2200 653 2238 uita
684 2196 914 2251 proprium
946 2194 1131 2236 mortali
1166 2194 1357 2234 datumst
1482 2190 1829 2244 Adiungendum
1860 2193 2104 2244 praeterea

197 2261 285 2302 inc.
315 2259 404 2298 inc.
439 2257 530 2296 fab.
565 2254 717 2294 XCIII
748 2253 943 2293 uidetur.

306 2315 610 2354 Menixmpvs
640 2312 662 2351 I
692 2311 807 2351 Non.
841 2312 944 2357 500,
978 2311 1029 2350 13
1063 2308 1156 2348 ‘sic
1189 2311 1235 2348 et
1265 2306 1480 2346 inuidit
1518 2305 1643 2345 illam
1682 2317 1775 2344 rem
1806 2316 1886 2356 pro
1919 2302 1988 2343 illi
2019 2302 2102 2344 rei.

198 2373 363 2412 Accius
396 2370 657 2422 Melanippo
695 2399 703 2407 .
732 2399 740 2407 .
770 2371 803 2407 .’
854 2365 1126 2419 (Menalip
1140 2378 1205 2417 po
1240 2361 1316 2415 W)
1356 2363 1520 2403 Cicero
1551 2362 1688 2402 Tusc.
1721 2359 1837 2413 disp.
1868 2360 1936 2401 III
1968 2361 2017 2410 9,
2049 2360 2104 2399 20

197 2521 359 2566 Mede‘s
398 2522 598 2578 scripsi:
636 2517 702 2576 ef.
742 2517 890 2562 Ennii
927 2531 973 2560 u.
1004 2514 1100 2559 241
1146 2522 1252 2558 ωηο
1289 2511 1518 2558 diomedes
1545 2519 1588 2556 et
1613 2512 1727 2556 libri
1753 2516 1830 2554 [un
1858 2509 1925 2554 dia
1952 2507 2102 2553 Medea

197 2608 243 2637 es
272 2593 594 2645 Passeratius,
625 2590 938 2634 Her-mannus
967 2587 1115 2631 Elem.
1143 2586 1188 2629 cI.
1216 2599 1273 2628 m.
1294 2598 1347 2641 p.
1379 2583 1475 2628 159
1517 2580 1748 2626 Diomede:
1789 2588 1836 2624 tu
1863 2580 2102 2624 Duentze-

199 2677 284 2707 rus
311 2666 354 2706 in
389 2662 581 2719 Ephem.
612 2659 772 2703 Marb.
804 2657 935 2703 1848
956 2671 1010 2714 p.
1040 2655 1139 2701 487
1171 2662 1277 2698 tune
1304 2653 1375 2697 dic
1402 2652 1543 2697 media
1569 2666 1615 2695 es
1644 2652 1878 2695 Barthius
1899 2651 2100 2694 Aduers.

196 2749 245 2791 p.
278 2732 408 2778 1837
453 2739 529 2775 [un
569 2729 639 2774 dic
675 2729 822 2773 Medea
863 2741 909 2771 es
937 2727 1279 2772 Luelemamms
1316 2727 1361 2768 in
1391 2723 1535 2768 Luc-r.
1575 2737 1622 2779 p.
1657 2720 1753 2767 162
1865 2726 2105 2779 expectans

200 2805 509 2848 Passeratius
546 2806 805 2859 exspectant
841 2799 952 2843 libri
1121 2795 1222 2841 418
1261 2794 1403 2839 refelli
1445 2793 1701 2838 Gulielmus
1752 2792 1899 2836 Veris.
1947 2791 1979 2836 I
2019 2789 2104 2846 21,

203 2875 394 2919 Grotius
421 2873 545 2917 Bibl.
577 2874 683 2916 erit.
722 2885 831 2915 nou.
861 2868 890 2913 I
904 2869 940 2914 V
975 2866 1131 2927 repelli
1167 2866 1277 2911 libri
1407 2863 1578 2909 nullust
1619 2863 1812 2908 Vossius
1849 2861 1999 2905 nullus
2037 2867 2107 2904 est

199 2947 310 2989 libri
424 2942 524 2987 419
565 2942 843 3000 extispilium
883 2939 1014 2984 Leid.
1058 2937 1130 2995 Cf.
1163 2937 1445 2982 Gebhardus
1470 2936 1577 2979 Ant.
1607 2934 1736 2978 Leet.
1764 2933 1793 2977 I
1822 2931 1910 2989 13,
1949 2931 2105 2976 Lach-

201 3027 405 3059 mamzus
430 3017 475 3058 in
505 3014 649 3056 Luer.
669 3012 700 3056 Ι
716 3010 816 3056 744
843 3008 1107 3068 extispicum
1131 3008 1243 3067 fere
1263 3009 1511 3065 persuasit
1533 3005 1890 3050 Buechelerus:
1916 3002 1979 3060 ef.
2003 3000 2101 3046 501

310 3092 351 3128 [e
379 3098 449 3128 ars
477 3083 697 3140 Botleius,
725 3082 1068 3126 Luelzmunnus
1181 3077 1285 3123 420
1311 3077 1500 3122 lacrimis
1527 3075 1694 3120 Bumb.
1806 3071 1906 3117 421
1937 3071 2107 3131 pernici

208 3157 465 3201 Gulielmus
506 3153 653 3197 Veris.
684 3153 710 3196 I
738 3152 799 3196 21
842 3164 920 3210 par
958 3150 1055 3194 neci
1093 3150 1206 3194 libri
1311 3147 1428 3192 lecto
1467 3147 1530 3190 W
1639 3143 1741 3189 422
1771 3157 1838 3202 sq.
1877 3142 2106 3200 Anapae-

205 3234 302 3271 stos
340 3227 533 3284 uynouit
571 3223 770 3267 Botlzius
796 3221 849 3277 2,
892 3234 1179 3280 quamquam
1208 3224 1410 3277 possunt
1451 3220 1589 3262 etium
1625 3216 1845 3260 trochaei
1877 3225 1981 3258 esse

204 3295 305 3341 422
346 3297 581 3354 quicquam
609 3295 784 3349 scripsi
796 3313 806 3334 .·
846 3292 910 3349 ef.
939 3291 1154 3336 Lucilius
1190 3303 1227 3334 s.
1264 3291 1298 3334 l.
1338 3289 1425 3332 uita
1458 3288 1595 3344 libri,
1630 3288 1796 3330 merito
1832 3287 2107 3340 suspectum

207 3366 508 3412 Buechelero
618 3362 680 3408 illi
721 3362 778 3405 W
884 3360 984 3405 423
1024 3361 1203 3420 propria
1229 3360 1342 3404 libri
1376 3358 1514 3402 inuita
1557 3355 1638 3415 (sc.
1667 3352 1820 3411 Forte)
1848 3342 2051 3397 Botle'ius
2076 3350 2107 3395 2

311 3436 413 3480 424
456 3434 571 3479 unde
611 3434 709 3493 quis
749 3445 839 3477 non
871 3422 1094 3491 mortalis]
1138 3429 1257 3474 unde
1283 3434 1358 3472 aut
1385 3428 1486 3486 quis
1516 3425 1714 3470 mortalis
1742 3425 1940 3480 Nonius,
1981 3421 2109 3481 qteod

209 3507 325 3551 unde
366 3507 466 3565 quis
505 3505 611 3549 haut
659 3507 1010 3560 interpretatur
1047 3501 1378 3558 Isiesslinyius.
1420 3498 1620 3556 quisnam
1660 3494 1890 3553 (quasnam
1933 3492 2107 3537 Gembl.

208 3593 263 3621 m.
297 3573 341 3635 l)
383 3576 573 3631 Cicero,
602 3574 832 3619 Isidorus.
873 3572 945 3616 An
974 3572 1110 3615 malis
1137 3583 1241 3614 num
1279 3568 1389 3613 deus
1427 3574 1503 3612 aut
1538 3566 1639 3625 quis
1666 3564 1760 3622 (uel
1785 3563 1864 3608 dea
1891 3564 1990 3623 quis
2015 3561 2109 3620 aiu)

211 3646 442 3691 inortzilis?
601 3643 787 3688 liberum
828 3657 911 3687 om.
951 3641 1170 3686 Isidorus
1279 3652 1418 3683 meam
1461 3638 1641 3681 Nonius
