2294 3844
158 242 256 292 104
908 240 966 279 M.
1002 238 1298 280 PAevvws

972 367 1055 419 III
1097 364 1217 437 (19)

355 502 363 510 .
405 476 532 527 ques
575 460 699 509 sunt
740 455 822 508 ss'?
864 489 930 494 ——
972 456 1178 525 Ignoti,
1217 457 1396 509 nescio
1439 475 1567 524 ques
1608 456 1890 525 ignobiles.

993 551 1071 603 IV
1107 549 1226 621 (14)

299 644 443 705 Quae
484 644 567 694 res
607 646 659 693 'te
701 643 766 693 ab
809 642 1030 693 stabulis
1072 640 1329 709 {ibiugaffl
1371 672 1439 677 —
1482 639 1701 692 Certum
1743 642 1823 691 est
1862 641 2026 708 loqui,

1026 736 1075 788 V
1103 734 1185 806 (2)

307 828 549 880 Clamore
591 830 643 878 et
683 827 858 879 sonitu
904 827 1064 877 colles
1104 827 1418 877 resonantes
1458 826 1645 877 bount.

1005 920 1085 974 VI
1126 918 1208 990 (5)

300 1013 517 1064 Diuorsi
558 1009 1035 1080 circumspicimUS,
1073 1010 1265 1063 horror
1306 1009 1545 1077 percipit.

990 1106 1098 1159 VII
1134 1103 1216 1176 (1)

155 1199 262 1250 225
304 1196 442 1258 Quid
483 1196 738 1248 tandem?
780 1196 871 1247 ubi
912 1194 1129 1246 eaesi?
1170 1194 1311 1262 quod
1351 1194 1653 1262 receptast‘?
1688 1227 1752 1231 —
1791 1195 1945 1247 'Exul
1985 1196 2063 1248 in-

1326 1291 1470 1342 certa
1510 1274 1692 1360 uagafi

957 1378 1092 1431 VIII
1134 1375 1254 1450 (12)

381 1468 522 1522 Cedo
565 1470 819 1537 quorsum
859 1468 1019 1519 itiner
1058 1466 1302 1520 tetinl‘sse
1345 1468 1532 1520 aiunt?

154 1575 246 1614 lino
279 1587 445 1626 genere
469 1586 650 1626 semper
671 1572 884 1612 dicuntur
913 1603 921 1611 .
942 1602 950 1610 .
970 1603 979 1612 .
1009 1576 1056 1610 et
1078 1572 1127 1612 P.
1149 1571 1195 1610 in
1226 1571 1380 1611 Medo
1412 1585 1512 1612 cum
1543 1571 1810 1612 ostenderet
1841 1585 1868 1611 a
1899 1573 2063 1613 Medo

153 1635 379 1670 matrem
414 1631 638 1681 quaeri,
672 1630 738 1669 ait
768 1660 776 1668 .
805 1662 813 1669 .
842 1632 877 1668 .’
1022 1627 1090 1666 ΙΙΙ
1123 1627 1356 1667 Charisius
1388 1629 1408 1667 I
1442 1642 1484 1680 p.
1521 1629 1600 1668 108
1632 1628 1680 1666 Ρ.
1714 1629 1808 1667 ‘im
1834 1642 1915 1681 pro
1947 1643 2064 1672 eum.

153 1701 255 1726 nam
288 1688 352 1726 ita
376 1686 573 1726 Scaurus
606 1688 654 1726 in
686 1690 782 1725 arte
816 1684 1118 1737 grammat-ica
1142 1683 1415 1736 disputauit,
1447 1685 1663 1737 antiquos
1694 1685 1753 1723 im
1778 1689 1933 1736 ques’
1970 1685 2065 1738 [hic

158 1743 384 1782 excidisse
417 1743 641 1794 quaedam
663 1737 916 1794 uidentur]
961 1740 1106 1779 ‘hune
1139 1740 1330 1780 eundem
1353 1740 1610 1792 significare
1635 1753 1881 1782 consuesse
1915 1746 1959 1781 et
1991 1742 2066 1782 de-

151 1800 311 1840 clinari
341 1802 427 1838 ita:
462 1800 500 1838 is
533 1800 630 1839 eius
664 1799 705 1838 ei
729 1812 827 1837 eum
860 1797 934 1837 uel
966 1797 1040 1847 im,
1071 1809 1257 1837 numero
1289 1797 1456 1849 plurali
1488 1798 1565 1836 is'
1600 1796 1722 1848 (add.
1746 1797 1940 1848 Keilius,
1976 1812 2061 1839 0111.

155 1856 276 1907 cod.)
294 1887 304 1905 ,
340 1859 409 1895 ‘ut
433 1861 502 1895 est
533 1855 713 1895 locutus
736 1855 785 1894 P.
810 1855 857 1894 in
879 1854 1037 1893 Medo:
1072 1866 1182 1905 ques
1212 1884 1221 1893 .
1242 1884 1249 1893 .
1269 1884 1278 1892 .
1310 1856 1455 1906 ques?
1497 1854 1621 1893 Idem
1653 1854 1672 1892 I
1696 1867 1737 1905 p.
1762 1856 1814 1894 70
1836 1855 1887 1896 P.
1921 1859 2064 1906 ‘ques

157 1916 309 1951 autem
342 1912 511 1951 dixisse
534 1917 717 1951 ueteres
741 1911 1002 1951 testimonio
1036 1914 1107 1949 est
1128 1908 1241 1949 Cato
1271 1940 1280 1950 .
1300 1941 1337 1949 ..
1369 1914 1414 1950 et
1436 1910 1706 1950 Pacuius:
1741 1913 1871 1961 ques’
1897 1924 1935 1955 e,
1961 1924 2000 1963 q.
2026 1924 2062 1952 s.

154 1968 421 2017 (Patulus
463 1968 578 2018 cod.)
621 1968 886 2007 Priscianus
917 1967 1027 2006 XIII
1061 1979 1102 2018 p.
1135 1967 1218 2007 960
1248 1966 1298 2006 Ρ.
1350 1966 1708 2006 ‘nominatiuum
1749 1978 1926 2019 quoque
1967 1967 2066 2020 plu—

160 2025 303 2065 ralem
335 2038 425 2064 non
459 2025 602 2064 solum
635 2025 681 2063 in
714 2025 728 2062 i
764 2028 809 2063 et
841 2038 919 2075 ae,
953 2023 1031 2064 sed
1065 2023 1204 2062 etiam
1237 2023 1284 2061 in
1317 2035 1395 2068 es„
1418 2023 1495 2074 qui
1528 2035 1643 2075 quae
1674 2021 1751 2062 uel
1774 2035 1906 2074 ques,
1939 2028 1991 2063 ut
2013 2024 2064 2066 Ρ.

155 2083 204 2121 111
237 2081 392 2121 Medo:
429 2093 540 2133 ques
572 2085 677 2120 sunt
708 2081 844 2120 istit„
974 2080 1036 2120 IV
1068 2078 1182 2118 Non.
1215 2081 1282 2130 73,
1316 2081 1369 2118 22
1401 2080 1686 2132 ‘abiugat,
1722 2085 1924 2131 separat,
1957 2080 2065 2120 alie-

158 2142 254 2177 nat.
288 2137 338 2177 P.
371 2137 502 2176 Medo
533 2141 625 2177 ...⁹
762 2137 799 2175 V
831 2138 946 2177 Non.
979 2138 1053 2186 79,
1086 2137 1113 2174 4
1145 2136 1342 2175 ‘bount
1375 2135 1546 2176 dictum
1576 2149 1602 2175 a
1634 2136 1767 2176 boum
1798 2137 2064 2189 mugitibus.

152 2195 203 2233 P.
236 2193 368 2234 Medo
398 2224 435 2234 ..
456 2196 490 2235 .'
607 2194 669 2234 VI
701 2193 964 2234 Macrobius
997 2191 1239 2243 Sass.V11‚
1272 2195 1325 2232 36
1358 2192 1637 2244 ‘Vergiliuffi
1674 2191 1844 2232 diuersi
1877 2193 2065 2232 circum-

155 2251 371 2302 spiciunt.
424 2250 509 2290 hoc
543 2251 692 2290 acrior
723 2250 855 2289 idem.
891 2252 938 2290 Ι).
962 2251 1008 2288 111
1041 2248 1234 2288 Medea
1268 2252 1360 2289 ...⁹
1405 2247 1711 2299 (Pacubius
1743 2248 1918 2300 Anglic.
1942 2249 2062 2289 Med.

157 2306 479 2358 pachubius
511 2307 654 2346 Paris.
714 2306 894 2346 media
933 2302 1133 2356 Anglic.)
1257 2304 1344 2345 VII
1374 2304 1489 2345 Non.
1522 2306 1619 2354 467,
1651 2306 1704 2344 25
1746 2308 1942 2356 ‘uagas
1983 2319 2063 2358 pro

154 2363 339 2415 uagaris
486 2363 534 2401 P.
565 2362 700 2403 Medo
737 2367 830 2404 ...²
949 2363 1059 2402 VIII
1089 2361 1203 2401 Non.
1239 2361 1336 2411 178,
1373 2363 1424 2400 10
1460 2361 1757 2401 ‘tetinerit
1797 2374 1877 2412 pro
1908 2365 2064 2402 tenue-

155 2420 228 2461 rit.
260 2419 310 2459 P.
342 2418 478 2458 Medo
509 2449 517 2457 .
537 2449 545 2457 .
565 2449 574 2457 .
593 2423 602 2440 ³

156 2552 324 2598 proauo
348 2544 456 2595 post
484 2538 646 2582 inuoco
673 2540 858 2582 inserui
884 2544 926 2582 et
947 2540 1181 2596 inteyram
1202 2539 1417 2594 priorem
1443 2537 1769 2594 septenarium
1795 2536 1944 2582 uerbo
1966 2535 2064 2581 duis

156 2611 329 2654 clausi.
376 2602 557 2671 [10,1111
592 2602 813 2668 proaue,]
854 2607 921 2664 10,
959 2606 1062 2664 Sol,
1100 2606 1263 2652 inuoco
1303 2606 1350 2651 {it
1388 2607 1445 2650 mi
1472 2604 1742 2665 potestatem
1779 2604 1877 2651 duis
1904 2609 1980 2652 uel
2006 2608 2064 2652 mi

151 2684 259 2736 post
287 2677 363 2722 Sol
392 2680 624 2725 collocato
652 2678 866 2736 defendit
898 2678 1237 2723 Biceelzelerzts.
1338 2676 1436 2721 221
1468 2690 1602 2735 quaes
1630 2676 1797 2721 Bamb.
1819 2676 2067 2722 Prisciani

158 2749 183 2808 11
210 2749 417 2794 Charisii
436 2750 538 2794 cod.
562 2764 612 2806 p.
639 2749 720 2806 70,
741 2748 874 2793 Grac.
892 2749 1141 2793 Prisciani
1160 2762 1200 2807 q.
1220 2761 1272 2805 p.
1297 2747 1394 2794 108
1480 2748 1514 2791 is
1538 2746 1743 2792 Charisii
1766 2748 1867 2791 cod.
1885 2761 1936 2805 p.
1965 2747 2062 2794 108

158 2818 239 2877 (cf.
269 2819 559 2863 Re'tscbelius
585 2821 679 2863 ind.
707 2821 834 2864 lectt.
863 2819 1017 2865 Bonn.
1051 2817 1241 2880 1855]ss
1275 2833 1325 2876 p.
1368 2817 1494 2877 VII),
1534 2832 1620 2862 om.
1642 2831 1695 2874 p.
1727 2816 1792 2863 70
1829 2817 1902 2862 isti
1930 2818 2063 2863 Pris-

161 2893 331 2935 cianus
356 2890 385 2933 ii
413 2891 482 2934 ed.
505 2893 669 2947 princ.
694 2889 900 2934 Charisii
918 2904 970 2947 p.
997 2888 1094 2935 108
1204 2887 1426 2948 ignobiles
1455 2903 1541 2933 om.
1565 2887 1810 2933 Charisius
1827 2902 1881 2945 p.
1907 2887 2004 2935 108

156 2961 402 3004 Personas
427 2961 644 3005 distinxit
673 2961 864 3005 Grotius
902 2961 1009 3006 bibl.
1039 2963 1143 3004 crit.
1171 2973 1217 3003 n.
1246 2959 1272 3004 1
1290 2959 1328 3004 V
1443 2957 1542 3003 222
1572 2964 1743 3003 certum
1777 2957 1939 3017 cloque
1966 2958 2062 3005 Bo·

161 3031 286 3074 thius
315 3029 343 3072 2
464 3030 711 3076 Personas
737 3032 951 3076 distinxit
978 3030 1177 3076 Botlzius
1208 3030 1231 3073 1
1361 3028 1461 3073 224
1499 3027 1664 3073 diuersi
1691 3028 1971 3074 Macrobius

158 3100 347 3160 precipit
375 3099 547 3144 Salisb.
627 3100 725 3146 225
754 3101 829 3160 qui
858 3099 1031 3145 tandem
1056 3100 1225 3146 Bamb.
1289 3098 1409 3158 quod
1434 3099 1558 3155 libri,
1588 3099 1633 3143 Ιι.
1659 3110 1697 3142 e.
1729 3111 1843 3156 quo:
1870 3099 1936 3157 cf.
1958 3098 2063 3145 Rit-

163 3171 371 3215 schelius
402 3184 511 3214 noa.
540 3183 737 3215 exenrs.
764 3171 925 3215 Plaat.
953 3171 1051 3227 ΙΙ).
1083 3171 1145 3216 57
1170 3183 1241 3229 sq.
1271 3175 1315 3214 et
1341 3182 1457 3214 mas.
1486 3169 1639 3214 Rben.
1666 3167 1846 3213 XXIV
1863 3183 1916 3225 p.
1943 3167 2061 3226 485,

160 3243 240 3284 cai
265 3241 556 3285 aduersatzcr
583 3240 825 3299 Berylsius
851 3242 996 3299 symb.
1025 3242 1090 3285 ad
1110 3255 1308 3300 yramm.
1337 3240 1443 3284 Lat.
1465 3238 1594 3284 175.
1623 3251 1712 3298 quo
1739 3237 1995 3284 Mercerus

160 3316 381 3369 receptast
411 3312 486 3355 ael
521 3316 746 3369 receptata
774 3310 1016 3369 Berqlcias
1041 3324 1158 3355 mas.
1189 3311 1344 3356 Rlzen.
1380 3308 1510 3355 1835
1533 3323 1584 3367 p.
1617 3308 1680 3353 77
1708 3313 1908 3367 receptat
1934 3309 2060 3365 libri,

159 3380 369 3437 defendit
397 3395 524 3425 nunc
552 3380 794 3440 Berykz'us
818 3382 849 3425 l.
878 3380 907 3423 l.
953 3377 1254 3440 (quamquam
1291 3381 1412 3426 idem
1451 3393 1540 3439 quo
1578 3379 1665 3423 iter
1691 3379 1766 3422 ael
1792 3377 1855 3422 110
1882 3385 2062 3438 coeptat

156 3449 438 3508 proposuit).
480 3451 542 3495 110
581 3457 758 3510 coeptat
784 3450 1039 3495 Mereerzcs
1136 3452 1321 3507 11100113,
1360 3463 1428 3496 sc,
1457 3453 1537 3495 uia
1563 3450 1675 3494 libri
1710 3448 1878 3492 Incerto
1905 3449 2057 3508 Bery-

161 3520 293 3577 lsius,
333 3523 414 3578 qai
441 3533 684 3578 personas
719 3522 950 3566 distinxit.
998 3520 1164 3565 incerta
1204 3535 1257 3564 an
1311 3520 1501 3566 Vossius
1539 3515 1751 3563 incertan'
1791 3516 1996 3564 Bothias

164 3588 263 3635 226
303 3590 411 3634 cedo
452 3591 704 3637 Mercerus
741 3590 875 3636 credo
912 3591 1025 3636 libri
1130 3591 1262 3635 itiner
1299 3590 1473 3636 Aldina
1511 3590 1668 3634 itinere
1704 3587 1817 3633 libri
