2294 3844
927 258 983 297 M.
1018 255 1314 297 PAcvvlvs
2014 255 2078 303 79

1029 385 1103 436 XI
1146 384 1228 454 (ὁ)

327 483 427 534 Sed
469 487 583 534 cuni
630 483 806 533 aninlo
851 482 1052 533 attendi
1095 482 1159 532 a'ul
1202 481 1584 549 quaerendum,
1626 480 1751 548 quid
1794 482 1891 531 siut

991 584 1093 635 xil
1138 584 1258 653 (io)

444 726 658 734 .....
701 684 965 734 ceruicuin

442 780 627 831 Flonis
669 778 964 846 dispenditc
1007 776 1193 828 crines.

995 873 1129 925 XIII
1170 872 1252 944 (1)

216 976 286 1025 20
329 974 565 1040 Saluete,
607 973 827 1040 gemini,
869 972 982 1022 inea
1025 989 1288 1039 prop-ages
1331 972 1627 1039 sanguinis!

1061 1067 1191 1119 XIV

323 1168 536 1217 Persius
579 1165 602 1216 I
646 1167 709 1216 77
761 1167 913 1216 <sunt
963 1184 1093 1232 quos·
1135 1163 1503 1232 Pacuuiusque
1553 1169 1603 1215 vt
1646 1183 1926 1215 uerrucosa
1969 1185 2075 1216 iuo-

176 1267 320 1315 retur
360 1262 666 1330 Antiopa,
709 1262 1026 1312 aerumnis
1068 1280 1172 1312 cor
1213 1262 1645 1312 luctificabile
1688 1262 1885 1312 tulta.²

325 1357 478 1411 Certe
521 1376 625 1409 cor
666 1359 1104 1409 luctificabile
1146 1377 1242 1426 pro
1284 1358 1412 1426 ipsis
1438 1357 1657 1409 Pacuuii
1684 1358 1859 1408 uerbis
1894 1357 2077 1408 haberi

175 1456 313 1507 licet.
393 1454 471 1506 (fif,
514 1455 612 1505 inc.
654 1455 758 1506 fab.
800 1453 919 1506 VII.

1082 1549 1184 1602 XV

175 1648 274 1699 :20³
1151 1648 1332 1699 illuuie
1375 1648 1612 1717 corporis

319 1743 407 1795 ‘Et
448 1762 598 1796 conia
640 1742 847 1812 prolixa
888 1745 1097 1813 impexa
1138 1745 1538 1814 conglomerata
1579 1749 1737 1813 atque
1778 1745 1992 1796 horrida

949 1841 1080 1894 XVI
1121 1839 1301 1912 (XIV)

319 1936 618 1988 Martianus
659 1936 874 2006 Capella
915 1937 996 1990 III
1037 1938 1140 1990 257
1186 1945 1339 1989 ‘nain
1380 1939 1618 1990 Setuni'
1663 1936 1761 2008 (sic
1796 1937 2077 2008 Balnberg.

174 2036 226 2084 et
273 2032 742 2085 Reichenauensis.
829 2033 1088 2085 Sethum
1144 2032 1313 2104 uulg.)
1371 2034 1669 2103 ‘dicebant,
1725 2053 1880 2103 quein
1935 2053 2077 2087 nunc

177 2127 403 2180 Zethum
445 2129 660 2181 dicunt-‚²

174 2278 289 2318 citer
310 2308 318 2316 .
337 2309 345 2318 .
366 2281 401 2317 .'
463 2279 500 2317 X
524 2277 641 2318 Non.
667 2280 806 2328 7:3,15
831 2277 1162 2318 ‘amolimini
1187 2282 1256 2319 cst
1277 2278 1477 2319 recedite
1499 2277 1572 2317 uel
1597 2278 1745 2318 tollite
1765 2310 1772 2318 .
1794 2310 1800 2318 .
1822 2309 1830 2318 .
1850 2278 2077 2319 Pacuuius

171 2334 421 2374 Hermiona
547 2335 664 2374 idem
695 2335 895 2387 Antiopa
926 2366 933 2373 .
962 2365 969 2373 .
997 2338 1032 2374 .’
1177 2336 1241 2375 XI
1273 2335 1386 2375 Non.
1420 2336 1523 2383 238,
1559 2337 1609 2374 15
1641 2335 1964 2376 ‘attendere
2006 2341 2076 2376 est

172 2390 412 2431 intendere
444 2422 566 2432 .....
581 2395 592 2414 ²
711 2391 798 2431 XII
830 2391 1015 2431 Seruius
1046 2392 1093 2431 in
1124 2391 1236 2431 Aen.
1260 2392 1347 2432 XII
1371 2394 1452 2432 605
1483 2392 1652 2430 ‘flauos
1675 2392 1871 2432 Lauinia
1904 2395 2077 2432 crines:

172 2448 368 2500 antiqua
398 2447 541 2488 lectio
574 2448 753 2488 floros
785 2448 970 2498 habuit,
1013 2448 1040 2490 i.
1078 2461 1114 2487 c.
1146 2448 1436 2497 florulentus,
1477 2447 1713 2500 pulchros:
1756 2452 1800 2488 et
1832 2453 1902 2488 cst
1933 2461 2077 2488 sermo

173 2504 425 2545 Ennianus.
494 2504 671 2544 Probus
720 2505 785 2544 sic
832 2504 1096 2545 adnotauit:
1135 2506 1415 2546 neotericum
1456 2509 1555 2543 erat
1595 2504 1760 2556 flauos,
1808 2518 1915 2557 ergo
1959 2506 2076 2546 bene

177 2560 417 2611 floreos,
450 2574 554 2600 nam
586 2561 809 2613 sequitur:
844 2565 890 2601 et
921 2573 1080 2601 roseas
1113 2562 1291 2602 laniata
1322 2573 1467 2613 genas
1498 2591 1534 2601 ..
1555 2591 1563 2599 .
1593 2561 1642 2601 P.
1674 2560 1870 2613 Antiopa
1901 2593 1937 2602 ..
1957 2565 1993 2601 .’

171 2616 287 2657 XIII
319 2617 432 2657 Non.
468 2619 543 2666 64,
578 2621 630 2658 30
670 2622 977 2671 ‘propages
1010 2621 1081 2657 est
1113 2619 1255 2658 series
1289 2625 1333 2659 ct
1373 2616 1538 2658 adfixio
1581 2618 1798 2658 continua
1835 2618 1910 2658 ucl
1943 2618 2076 2671 longe

170 2672 308 2713 ducta
327 2705 363 2715 ..
382 2677 418 2714 .’
451 2673 577 2714 Idem
599 2675 695 2724 ’ἲς-21,
713 2676 737 2714 7
761 2679 1054 2727 ‘propag0‚
1088 2687 1365 2728 propages
1395 2679 1444 2713 ut
1474 2686 1611 2727 saepe
1639 2675 1821 2726 generis
1852 2679 1922 2714 est
1945 2674 2077 2715 femi-

170 2731 305 2770 nini.’
375 2730 456 2770 XV
479 2729 627 2770 Scliol¹
649 2731 798 2770 Persii
820 2731 838 2770 I
861 2732 912 2771 77
937 2731 1252 2784 ‘Antiopam
1274 2744 1566 2771 uerrucosam
1592 2731 1777 2771 Persius
1799 2731 1910 2770 dicit
1933 2744 2073 2783 quae

174 2786 316 2838 apud
348 2787 559 2827 Dircen
590 2787 647 2826 in
681 2786 942 2839 squalore
976 2787 1086 2827 fuit
1118 2787 1358 2828 seruitio
1400 2799 1682 2840 oppressa.
1733 2788 1813 2828 sic
1845 2787 2073 2828 illuuie'

172 2856 211 2884 e.
244 2856 284 2895 q.
317 2855 351 2883 s.
406 2842 739 2882 Pacuuiana
776 2843 920 2883 uerba
960 2844 1151 2894 agnouit
1183 2843 1237 2884 Ο.
1268 2844 1455 2884 Iahnius
1496 2843 1670 2896 ephem.
1708 2843 1935 2884 archaeol.
1969 2845 2075 2884 1853

172 2911 215 2949 p.
248 2900 316 2939 77.
370 2897 479 2951 sic]
516 2899 712 2939 fortasse
744 2899 868 2942 Pae.
901 2899 1045 2940 fuisse
1079 2900 1278 2940 coniecit
1307 2899 1360 2941 L.
1389 2900 1585 2940 Mueller
1613 2912 1724 2940 mus.
1755 2900 1894 2943 Rhen,
1926 2899 2075 2940 XXIV

170 2955 255 2994 495
360 2955 465 2996 XVI
494 2954 761 2995 Priscianus
791 2956 812 2996 1
845 2969 887 3006 p.
920 2956 1000 2996 561
1032 2957 1084 3000 P.
1117 2955 1188 2996 ’Τ
1217 2960 1263 2996 et
1296 2955 1330 2995 Z
1363 2957 1408 2996 in
1441 2956 1620 3009 graecis
1652 2956 1962 2997 tantummodo
1994 2970 2074 3009 po-

171 3013 341 3051 nuntur
375 3011 668 3062 dictionibus,
702 3013 910 3064 quamuis
942 3012 988 3051 in
1019 3012 1177 3053 multis
1210 3017 1389 3054 ueteres
1421 3013 1536 3052 haee
1568 3025 1747 3065 quoque
1778 3016 1977 3053 mutasse
2009 3013 2074 3052 in·

170 3068 428 3116 ueniantur,
461 3071 508 3108 et
539 3081 616 3119 pro
651 3066 694 3107 Τ
721 3068 772 3115 V,
804 3081 883 3121 pro
920 3067 954 3109 Z
985 3080 1117 3119 uero,
1159 3069 1278 3121 quod
1316 3082 1397 3122 pro
1428 3069 1501 3110 SD
1534 3069 1790 3110 coniunctis
1830 3069 2071 3122 accipitur,

170 3122 200 3162 S
230 3123 307 3163 uel
338 3124 401 3165 SS
432 3123 508 3164 uel
528 3123 569 3163 D
603 3124 832 3178 posuisse,
865 3128 915 3164 ut
1042 3125 1315 3178 Saguntum,
1347 3138 1500 3166 massa
1532 3138 1611 3179 pro
1648 3121 1917 3177 Ζάκυνθος,
1949 3123 2072 3178 μᾶζα

317 3273 377 3319 17
418 3274 611 3319 animum
649 3273 846 3332 Iunius,
887 3279 1042 3332 recle,
1085 3280 1135 3319 ut
1172 3275 1363 3320 uidetur
1480 3274 1781 3334 quaerendum
1823 3275 1924 3318 eclcl.
1967 3285 2069 3332 que·

170 3342 357 3388 rendum
383 3344 495 3389 libri
617 3344 679 3390 19
708 3344 848 3390 ssoros
875 3343 1039 3390 Delrio
1080 3343 1245 3389 floreos
1274 3344 1474 3390 Seruius
1597 3343 1846 3403 dispenditc
1882 3345 2072 3400 scripsi.

170 3411 413 3472 disperdite
452 3414 653 3460 Seruius
689 3414 936 3475 dispergite
973 3415 1137 3461 Delrz‘o
1248 3414 1316 3462 20
1354 3415 1433 3460 Sic
1472 3429 1536 3461 ex
1573 3416 1673 3460 cod.
1715 3413 1999 3458 Monacensz‘
2032 3424 2070 3456 s.

170 3481 246 3526 XI
283 3485 424 3529 edidit
461 3484 515 3530 L.
542 3484 750 3530 Mueller
784 3487 816 3530 l.
856 3488 887 3530 l.
925 3484 1080 3531 illuuie
1119 3499 1158 3530 e.
1207 3492 1251 3530 et
1289 3499 1326 3530 c.
1366 3487 1586 3545 promissa
1634 3486 1661 3527 i.
1702 3497 1739 3528 c.
1779 3481 1957 3526 horrida
1998 3483 2069 3527 ecl.

167 3555 356 3609 priua,
405 3556 528 3600 unde
572 3556 752 3601 iambos·
797 3556 825 3600 i.
876 3570 913 3604 c.
955 3555 1087 3601 Coma
1126 3557 1343 3614 promissa
1392 3556 1547 3615 inpexa
1597 3553 1843 3612 glomerata
1892 3551 2068 3597 horrida

169 3621 234 3666 M.
263 3622 504 3682 Hauptius
543 3625 829 3683 effinxerat.
