2294 3844
170 245 266 296 126
916 248 975 286 Μ.
1007 246 1305 289 Ponvlvs

309 374 457 427 'Esse
498 377 684 446 ullam,
725 377 814 429 sed
853 377 1152 428 temeritate
1193 378 1275 429 res
1316 377 1430 446 regi
1472 378 1644 430 omnis
1685 380 1983 430 autumant.

310 451 614 542 Ἰᾶῖᾦξ
637 474 749 525 ueri
783 471 952 524 simile
979 491 1091 524 esse
1116 492 1243 524 usus
1268 491 1324 524 re
1351 475 1477 542 apse
1504 474 1828 542 experiundo
1855 474 2062 526 edocet:

164 569 271 620 375
313 568 479 621 Velut
519 568 731 621 Orestes
772 569 929 621 niodo
970 569 1073 621 fuit
1111 588 1225 639 rex,
1264 569 1466 622 factust
1505 570 1778 622 mendicus
1819 570 1993 623 inodo.

313 804 321 813 .
362 761 659 831 mendicus7
699 763 1100 815 manticulator:
1142 761 1219 813 ita
1258 762 1357 814 fati
1399 760 1667 831 oppressit
1704 763 1904 832 iugum.

310 947 411 998 'Ad
451 947 912 999 manticulandum
953 949 1071 1000 astu
1105 948 1435 1018 aggreditur:
1478 946 1580 1000 sest
1619 948 1762 1000 enim
1794 947 1921 1016 quid
1944 966 2064 1017 pro-

1371 1045 1637 1096 meruerit.

161 1190 265 1221 nus;
299 1176 626 1230 naufragio:
659 1190 846 1230 nempe
880 1190 1007 1229 ergo
1039 1177 1092 1216 id
1125 1177 1331 1228 fluctu,
1365 1177 1503 1217 haut
1536 1177 1682 1218 forte
1716 1177 1945 1218 fortuna
1977 1191 2067 1230 op-

160 1234 293 1286 tigit
325 1234 579 1286 Kayserus3
617 1232 947 1287 naufcragio:
983 1235 1150 1273 maris
1181 1233 1274 1286 (uel
1312 1233 1550 1285 temere)
1591 1247 1721 1286 ergo
1759 1233 1813 1273 id
1850 1235 2065 1275 factum

161 1292 328 1341 forte,
352 1290 486 1330 haut
507 1291 950 1334 F.0.Buechelerus.
991 1291 1093 1331 Hoc
1117 1295 1163 1331 et
1185 1291 1384 1331 fortasse
1410 1291 1558 1335 fr‚XV
1581 1304 1635 1330 ex
1653 1290 1823 1342 Chryse
1841 1295 2066 1344 sumptum

158 1346 358 1388 uidetur.
474 1348 788 1387 XV—XVIII
820 1348 985 1387 Festus
1018 1360 1057 1399 p.
1093 1349 1171 1387 133
1211 1349 1271 1387 Μ.
1314 1347 1775 1387 ‘manticularum
1814 1360 1925 1388 usus
1955 1360 2068 1401 pau-

158 1404 342 1455 peribus
376 1405 422 1443 iu
454 1405 646 1444 nummis
678 1403 984 1444 recondendis
1018 1404 1156 1443 etiam
1192 1407 1348 1444 nostro
1388 1402 1574 1444 saeculo
1615 1403 1718 1446 fuit.
1779 1403 1910 1444 Vnde
1942 1417 2066 1444 man-

158 1459 341 1499 ticulari
363 1460 637 1500 dicebantur
659 1462 735 1513 qui
765 1459 948 1500 furandi
970 1460 1122 1512 gratia
1150 1461 1421 1500 manticulas
1450 1460 1779 1500 attrectabant.
1824 1460 1936 1500 Inde
1959 1473 2065 1513 poe·

158 1520 236 1556 tae
268 1529 348 1569 pro
373 1516 530 1557 dolose
563 1517 672 1569 quid
695 1516 874 1569 agendo
897 1517 969 1557 usi
1003 1521 1108 1556 sunt
1142 1531 1194 1557 co
1217 1518 1374 1560 uerbo,
1418 1518 1649 1557 Pacuuius
1672 1514 1786 1569 [377.
1809 1513 1913 1570 376]
1946 1518 2064 1557 Item

159 1572 321 1612 deinde
356 1569 476 1626 [378]
511 1577 555 1613 et
583 1574 841 1613 machinam
872 1587 909 1614 o.
932 1586 975 1616 n.
1003 1573 1253 1614 manticula
1285 1578 1447 1614 tactu
1486 1587 1551 1613 an
1590 1573 1885 1614 sanctiora
1918 1573 2064 1614 dicis

300 1707 400 1753 373
440 1721 538 1752 esse
566 1707 698 1752 ullam
718 1714 832 1766 post
860 1708 1118 1753 Graeuium
1147 1708 1352 1753 Beierus
1379 1709 1577 1766 Epkem.
1608 1709 1876 1767 paedayoy.
1901 1709 2063 1766 philol.

162 1777 292 1824 1827
330 1792 381 1836 p.
410 1778 501 1835 69,
541 1779 882 1836 Hermannus,
933 1779 1282 1824 Fleckeisenus
1332 1777 1465 1822 ullam
1506 1792 1604 1823 0330
1648 1779 1759 1823 Tur.
1810 1777 1944 1822 ullam
1983 1780 2063 1824 mi-

157 1850 382 1893 seritatem
412 1862 511 1893 0336
537 1849 653 1894 Par.
696 1850 917 1894 Wuerzb.
946 1848 1078 1893 ullam
1107 1863 1205 1894 esse
1243 1848 1530 1894 miseritateni
1559 1848 1907 1905 (miserationem
1934 1849 2061 1895 Fris.

159 1919 326 1964 Bamb.
371 1935 398 1964 a
440 1915 584 1979 corr.)
627 1928 701 1964 aut
740 1921 1057 1964 humanitatem
1096 1921 1222 1965 Fris.
1252 1920 1420 1964 Bamb.
1463 1935 1492 1964 a
1533 1919 1665 1964 ullam
1705 1932 1804 1963 esse
1842 1920 2062 1964 miseriam

158 1990 325 2034 Bamb.
369 1991 394 2034 b
445 1989 535 2034 ulla
586 1989 690 2048 (sed
734 1990 822 2034 ulla
864 2004 992 2036 corr.
1034 2004 1097 2036 ea:
1146 1989 1254 2048 uita)
1304 1991 1511 2035 miseram
1551 1990 1662 2048 Erf.
1704 1990 1923 2034 miseriam
1963 2004 2062 2035 esse

160 2060 289 2104 ullam
334 2060 525 2106 Grotius
562 2062 773 2106 miserum
812 2075 910 2106 esse
949 2061 1089 2105 ullum
1128 2061 1331 2107 Botlzius
1368 2061 1501 2105 ullam
1542 2068 1693 2105 extare
1729 2060 1984 2119 Kayserus

157 2131 235 2175 sed
275 2147 361 2176 om.
400 2131 510 2190 Erf.
554 2132 775 2177 chrzb.
922 2133 1173 2177 temeritate
1213 2133 1356 2177 onmia
1395 2133 1491 2192 regi
1532 2136 1782 2177 autumant.
1839 2130 1882 2175 id
1921 2132 2061 2192 magis

155 2203 268 2246 libri
300 2204 533 2261 plerique,
575 2204 668 2247 nisi
704 2205 829 2262 quod
864 2204 920 2248 cle
949 2204 1109 2248 uerbis
1147 2204 1400 2247 temeritate
1441 2204 1587 2247 onmia
1625 2217 1717 2247 non
1758 2207 1919 2248 eaestat
1956 2215 2061 2247 eer-

159 2279 254 2317 tum
295 2276 618 2318 testimonium.
659 2275 952 2318 temeritatem
993 2287 1092 2318 0330
1131 2279 1360 2318 autumant
1399 2272 1442 2316 id
1482 2274 1623 2332 magis
1662 2273 1773 2331 Erf.
1815 2273 2062 2317 autumani—

157 2350 305 2387 tatem.
336 2343 379 2387 ld
408 2344 548 2403 magis
575 2345 796 2389 Wuerzb.
824 2345 1073 2388 temeritate
1099 2345 1214 2388 enim
1242 2350 1471 2388 autumant
1498 2357 1597 2388 0330
1624 2344 1767 2387 onmia
1789 2343 2057 2401 Kayserus.

158 2421 188 2458 t.
219 2428 289 2458 res
329 2414 425 2474 regi
455 2416 621 2458 onmis:
661 2415 703 2459 id
731 2416 870 2475 magis
899 2413 1121 2472 Beierus‚
1161 2415 1490 2460 Hermamzus.
1533 2414 1713 2458 Nostra
1739 2414 1881 2458 habet
1921 2416 2059 2458 eliam

156 2485 522 2530 Fleelcez'senus:
553 2492 696 2530 lotum
723 2498 915 2530 uersum
944 2500 1027 2530 om.
1059 2484 1339 2530 Salmasius.
1424 2484 1558 2528 ullam
1585 2485 1913 2544 imperitantem
1942 2497 2058 2543 esse,

156 2554 231 2599 sed
269 2556 517 2600 temeritate
553 2557 696 2600 omnis
732 2570 802 2600 res
840 2555 936 2615 regi
976 2556 1319 2601 Bueclzelerus.
1369 2555 1488 2600 Mihi
1521 2557 1569 2599 in
1615 2556 1904 2612 corruptelis
1937 2556 2058 2600 haec

153 2628 312 2682 potius
339 2625 472 2669 ullam
502 2639 599 2670 esse
628 2627 834 2678 omnino,
879 2640 928 2670 ac
966 2627 1214 2671 temeritate
1253 2633 1483 2670 autumant
1509 2626 1606 2685 regi
1637 2625 1782 2670 omnia
1807 2628 1958 2670 latere
1987 2627 2056 2670 ui-

155 2697 342 2740 dentur.
505 2697 699 2741 Versum
738 2697 838 2742 374
879 2699 1081 2741 restituit
1118 2696 1395 2742 Salmasius.
1458 2696 1517 2741 In
1565 2697 1727 2741 eadem
1775 2699 1977 2755 ignarus
2013 2702 2058 2741 et

157 2769 258 2823 ipse
297 2768 444 2812 incidi
481 2774 547 2824 et,
587 2780 722 2825 quem
758 2782 849 2812 uon
878 2770 1028 2826 maqis
1055 2780 1311 2825 noueram⁷
1352 2768 1631 2826 Sperzgseli'us
1675 2769 1808 2826 eique
1853 2768 2059 2812 accessit

156 2837 502 2882 Fleckeisenus
632 2837 774 2882 simile
815 2851 912 2881 0330
951 2852 1083 2892 usus,
1123 2841 1247 2883 inter
1284 2837 1426 2882 simile
1466 2844 1509 2882 et
1536 2850 1633 2881 esse
1671 2853 1727 2882 m.
1757 2839 1841 2882 alt.
1879 2838 1965 2882 secl
1999 2849 2056 2881 ea

156 2911 351 2966 antiqua
387 2912 696 2966 supraposito
733 2909 881 2965 aiunt,
934 2909 1151 2953 Wuerzb.
1194 2909 1288 2953 ueri
1327 2908 1469 2952 simile
1508 2921 1606 2952 esse
1646 2909 1770 2952 aiunt
1807 2921 1913 2952 usus
1941 2907 2055 2952 Par.

152 2993 230 3035 pr.
259 2993 316 3021 m.
349 2978 459 3036 Ers.
488 2980 581 3023 ueri
609 2979 750 3023 simile
778 2992 876 3023 0330
904 2979 1026 3023 aiunt
1053 2978 1172 3038 quod
1202 2993 1307 3023 usus
1336 2978 1452 3023 Par.
1483 2992 1610 3023 corr.
1642 2978 1809 3023 Bamb.
1839 2979 1908 3022 ab
1941 2978 2052 3023 Tur.

156 3048 249 3092 ueri
277 3047 418 3091 simile
446 3050 568 3092 aiunt
595 3049 714 3107 quod
743 3063 849 3093 usus
876 3051 1034 3109 uulyo,
1064 3048 1377 3095 Hermamzus
1485 3062 1531 3093 re
1558 3047 1661 3092 absc
1689 3050 1854 3093 Bamb.
1883 3049 1908 3093 b
1936 3048 2051 3092 Par.

153 3133 231 3176 pr.
260 3133 317 3162 m.
348 3118 456 3176 Erf.
501 3116 669 3176 (spatio
704 3126 813 3176 post
840 3133 1003 3166 uocem
1041 3134 1149 3164 usus
1188 3127 1311 3165 utu.
1349 3119 1449 3165 375
1486 3125 1593 3177 post
1633 3119 1757 3163 uelut
1782 3133 1940 3164 uacuo
1978 3131 2052 3162 re-

155 3188 283 3244 licto)
324 3189 545 3233 Wuerzb.
587 3202 658 3232 res
698 3188 800 3233 alise
840 3190 1007 3235 Bamb.
1050 3206 1078 3235 a
1114 3191 1241 3236 Fris.
1271 3191 1388 3235 Par.
1419 3203 1547 3235 corr.
1590 3203 1661 3233 res
1696 3190 1789 3248 ipsa
1820 3189 1934 3234 Tur.

157 3258 256 3303 375
297 3258 462 3302 factust
495 3258 723 3303 mendicus
760 3260 891 3304 inodo
920 3262 1230 3306 Hermarmus
1256 3260 1399 3305 sactus
1434 3266 1504 3305 est
1530 3259 1756 3304 mendicus
1784 3259 1917 3303 modo
1936 3259 2053 3303 Par.

157 3342 285 3373 corr.
315 3330 476 3373 eadem
503 3345 561 3374 m.
592 3329 701 3387 Erf.
736 3330 956 3375 Wuerzb.
987 3332 1154 3376 Bamb.
1194 3347 1223 3376 a
1250 3332 1379 3376 Fris.
1418 3331 1530 3375 Tur.
1572 3329 1714 3374 sactus
1754 3336 1822 3373 est
1858 3329 2052 3373 medicus

157 3398 289 3442 modo
317 3399 432 3443 Par.
468 3414 546 3457 pr.
575 3415 636 3444 m.
674 3399 816 3444 sactus
857 3407 925 3444 est
952 3401 1178 3445 mendicus
1207 3402 1376 3446 Bam&
1406 3402 1432 3446 b
1471 3399 1603 3444 modo
1641 3398 1869 3444 mendicus
1912 3399 2053 3444 sactus

157 3476 225 3512 est
255 3469 417 3514 Tross.
575 3469 674 3516 376
714 3484 810 3514 sum
847 3472 925 3515 uel
959 3485 1077 3515 nunc
1112 3474 1186 3517 uel
1222 3485 1308 3530 ego
1347 3473 1564 3530 suppleri
1591 3476 1748 3527 potest
1891 3469 2052 3514 modici

158 3539 469 3583 manticulatur
516 3576 526 3585 .
563 3575 573 3585 .
619 3541 675 3584 ita
717 3554 784 3585 me
824 3539 925 3585 sacti
967 3543 1167 3600 oppressi
1205 3543 1312 3601 iugo
1352 3543 1555 3586 schedae
1592 3539 1846 3599 mendicus⁷
1896 3540 2052 3584 manti-

156 3608 351 3652 eulator:
392 3611 450 3653 ita
491 3624 558 3654 me
597 3610 674 3655 sati
713 3612 938 3670 oppressit
975 3612 1128 3670 iugum
1171 3612 1360 3656 Grotius
1477 3611 1576 3656 377
1617 3610 1902 3670 aggreditor:
1940 3611 2050 3655 scite
