2299 3803
166 272 267 322 21ss
959 270 1011 309 L.
1042 267 1263 308 ATTIVS

314 402 637 454 Maestitudo
679 400 1045 469 praedicarent
1085 397 1359 449 homiuem
1400 416 1512 449 esse
1578 438 1883 447 .....

1000 493 1076 545 IV
1119 490 1240 562 (10)

314 594 452 646 Nam
495 593 591 644 6151
635 596 851 660 opertus
893 589 1176 659 squalitate
1217 592 1298 640 651
1337 590 1588 655 luctuque
1628 588 1973 640 horrificabili

1027 684 1078 736 V
1121 682 1203 755 (8)

316 786 561 837 owecio
603 785 979 850 hauquaquam
1022 784 1102 833 651
1141 783 1289 833 ortus
1329 778 1586 831 mediocri
1625 782 1758 831 satu.

1017 892 1097 944 VI
1138 889 1221 961 (2)

387 1035 395 1043 .
459 1010 584 1043 uam
626 991 668 1041 si
710 1010 737 1041 a
780 1008 862 1041 me
903 991 1130 1058 regnum
1170 988 1409 1040 Fortuna
1452 989 1610 1056 {iique
1652 1006 1778 1055 opes

171 1092 277 1142 6:20
318 1086 542 1156 Eripere
585 1086 778 1154 quiuit,
819 1087 874 1137 111
912 1086 1168 1137 uirtutem
1208 1086 1304 1136 1166
1347 1084 1494 1152 quiit.

983 1181 1090 1233 VH
1131 1178 1250 1250 (12)

318 1279 459 1332 Nam
498 1279 657 1330 huius
698 1279 910 1330 (1611111111
950 1278 1188 1346 miseret,
1229 1274 1379 1328 6111115
1420 1276 1675 1329 nobilitas
1715 1273 1957 1327 miserias

318 1373 603 1428 Nobssitat.

993 1469 1128 1522 VIII
1170 1467 1253 1540 (6)

320 1565 551 1620 Proinde
590 1567 754 1618 151366
793 1569 887 1620 1113-
928 1565 1077 1618 aufe'r
1115 1566 1367 1618 terricula
1407 1568 1566 1634 atque
1608 1565 1845 1617 {mimum
1884 1564 2080 1616 iratum

1502 1661 1792 1730 conprime.

287 1828 357 1868 III
386 1827 499 1866 Non.
538 1828 640 1877 136,
674 1828 723 1866 21
759 1824 1139 1866 <maestitudo
1171 1838 1251 1878 pro
1282 1824 1552 1865 maestitia.'
1684 1824 1749 1863 IV
1779 1823 1893 1867 Non,
1927 1823 2023 1873 226,
2056 1825 2081 1863 3

177 1890 188 1908 ‘
206 1884 438 1936 squalor
467 1883 775 1924 ..feminini
805 1884 970 1923 Accius
992 1883 1227 1947 Eurysace
1258 1913 1266 1921 .
1287 1913 1296 1922 .
1314 1912 1324 1922 .
1354 1881 1474 1921 idem
1498 1879 1660 1921 Telefo
1690 1911 1699 1920 .
1720 1910 1728 1918 .
1748 1883 1782 1921 .’
1900 1879 1938 1919 V
1969 1879 2084 1923 Non.

183 1943 370 1991 174,13
404 1915 558 1980 samtu
591 1940 787 1992 positum
819 1953 900 1992 pro
940 1939 1124 1979 semine.
1182 1938 1346 1977 Accius
1376 1936 1612 1988 Pelopidis
1651 1967 1660 1977 .
1687 1967 1697 1976 .
1722 1967 1732 1976 .
1768 1935 1890 1976 idem
1919 1935 2084 1976 Telefo

397 1996 458 2036 VI
488 1996 753 2036 Macrobius
786 1995 882 2036 Sat.
913 1995 977 2036 VI
999 1997 1045 2046 1,
1069 1996 1121 2035 57
1156 1994 1433 2047 ‘Vergilius.
1467 2005 1553 2033 nec
1584 1993 1624 2033 si
1653 1993 1870 2032 miserum
1900 1992 2086 2032 fortuna

180 2053 394 2094 Sinonem
426 2053 606 2103 Finxit,
639 2065 808 2092 uanum
841 2053 977 2092 etiam
1008 2050 1366 2103 mendacemque
1396 2050 1603 2102 improba
1635 2048 1790 2101 finget.
1843 2048 2007 2088 Accius
2038 2048 2086 2088 111

179 2110 387 2162 Telepho
418 2112 510 2151 ...²
636 2109 721 2149 VII
751 2109 866 2151 Non.
899 2110 1002 2159 352,
1035 2110 1061 2150 8
1093 2107 1240 2148 ‘unde
1274 2111 1321 2146 61
1351 2105 1762 2153 110111111316111,
1795 2103 2086 2146 notificarent

179 2166 352 2206 dictum
384 2170 453 2206 651
491 2197 500 2206 .
526 2196 535 2206 .
564 2169 598 2204 .’
726 2165 834 2206 VIII
863 2165 979 2206 Non.
1012 2166 1109 2215 227,
1142 2165 1193 2205 31
1228 2162 1578 2203 ‘terriculae
1616 2193 1626 2204 .
1652 2192 1662 2203 .
1689 2193 1699 2204 .
1735 2161 1889 2202 neutri
1919 2161 2086 2202 Accius

180 2222 567 2275 Epinausimaehe
599 2253 608 2263 .
627 2253 635 2261 .
655 2253 664 2263 .
693 2222 813 2262 idem
843 2220 1003 2263 Telefo
1034 2251 1072 2263 ..
1091 2224 1125 2262 .’

183 2402 315 2454 tudo,
356 2402 541 2446 uastitas
568 2400 731 2446 Delrio
857 2399 1139 2445 Oetonarios
1175 2399 1471 2444 continuauit
1506 2397 1821 2443 Hermannus
1856 2397 2007 2442 Elem.
2042 2397 2085 2441 cl.

189 2489 247 2518 m.
285 2487 334 2530 p.
364 2472 430 2518 90
465 2473 575 2517 bos.-
614 2469 750 2524 Quem
791 2483 877 2530 ego
920 2484 962 2515 u.
1004 2484 1041 2514 a.
1084 2484 1127 2514 u.
1169 2468 1500 2514 memorabilem
1538 2469 1654 2513 intui
1693 2482 1766 2525 u.,
1804 2466 1856 2511 Ni
1895 2466 2087 2510 uestitus

185 2550 235 2600 t.,
277 2541 571 2598 maestitudo,
610 2539 840 2586 uastitudo
888 2577 898 2587 .
932 2576 942 2587 .
988 2539 1299 2585 Praedicarent
1337 2539 1380 2583 h.
1419 2552 1458 2584 6.
1516 2538 1725 2594 Quorum
1764 2539 1915 2582 altero
1953 2539 2001 2581 in
2039 2551 2086 2582 u.

186 2626 393 2658 caesura
429 2614 712 2670 praemisso,
752 2625 845 2656 non
882 2614 930 2656 in
955 2613 1052 2669 fine
1078 2611 1235 2655 addito
1264 2609 1508 2666 trochaeo,
1548 2621 1588 2654 e.
1617 2623 1657 2654 6,
1696 2608 1855 2667 primo,
1896 2609 2091 2652 seruari

183 2688 393 2742 poterat.
448 2682 590 2726 Eclicli
624 2682 855 2726 librorum
891 2687 1071 2725 textum
1099 2682 1318 2739 quamuis
1356 2692 1456 2724 meo
1483 2692 1625 2724 sensu
1661 2692 1753 2723 non
1780 2678 2088 2734 tolerabilem,

188 2767 324 2813 quem
365 2755 469 2798 olim
509 2753 744 2796 audacius
780 2754 848 2795 sic
888 2757 931 2795 et
957 2756 1257 2795 mutaueram
1285 2755 1329 2795 et
1356 2751 1788 2808 interpoletueram:
1827 2761 1959 2807 quern
1997 2783 2008 2794 .
2033 2783 2043 2793 .
2068 2783 2078 2794 .

188 2826 332 2869 uirum
377 2821 382 2881 Ι
428 2821 617 2867 8111111615
665 2820 919 2866 nominiinis
975 2820 1152 2865 uiderer
1198 2819 1310 2866 intui
1357 2817 1755 2878 memorabilem,}
1798 2817 1850 2863 Ni
1895 2819 2088 2863 uestitus

190 2893 347 2950 taeter,
384 2892 581 2953 squales,
611 2891 836 2937 uastitudo
865 2890 1093 2951 corporis,
1133 2890 1398 2936 Mae'stitudo
1437 2905 1480 2950 p.
1510 2891 1553 2934 h.
1582 2903 1682 2935 esse
1709 2888 2089 2934 obscurissimum.

188 2966 388 3010 Leniore
426 2964 656 3008 medicina
694 2964 816 3007 haee
855 2964 1045 3008 elicias:
1095 2960 1226 3021 quem
1266 2975 1351 3021 ego
1394 2960 1465 3006 ubi
1503 2961 1684 3020 aspexi,
1721 2959 1836 3005 intui
1874 2959 2091 3004 memora·

189 3034 320 3078 bilem
356 3033 507 3077 Virum
550 3033 747 3089 uiderer,
798 3033 843 3077 ni
891 3034 1081 3078 uestitus
1131 3031 1284 3077 uultus
1327 3038 1465 3076 taetra
1507 3032 1692 3076 uastitas
1731 3028 1784 3074 Et
1822 3028 2089 3074 maestitudo

197 3119 239 3163 p.
268 3103 312 3147 h.
343 3117 380 3147 6.
496 3103 593 3148 617
636 3101 919 3147 horrificabili
960 3103 1150 3148 Vossius
1177 3100 1415 3148 horrificali
1442 3102 1554 3146 libri
1659 3100 1759 3146 618
1799 3100 1914 3145 3111111
1941 3113 2092 3159 quam-

194 3187 325 3233 quam
363 3173 510 3229 Leid.,
550 3175 596 3216 in
635 3174 804 3231 quibus
841 3178 968 3217 reete
1007 3176 1111 3218 uisa
1149 3179 1218 3218 est
1256 3172 1572 3218 Fleckeiseno
1611 3174 1856 3230 scriptura
1894 3169 2092 3228 hauqua·

195 3285 324 3331 quam
362 3273 516 3316 latere
555 3270 893 3330 haudquaquam
934 3274 1085 3316 celeri
1118 3272 1230 3316 libri
1346 3269 1448 3316 620
1486 3276 1530 3314 et
1568 3269 1740 3315 Salisb.
1769 3238 1805 3312 eg
1839 3268 1962 3312 Med.
1991 3282 2020 3311 α

194 3355 275 3387 1166
315 3343 426 3401 quiit
452 3343 633 3400 scripsi
668 3341 871 3399 nequiuit
898 3341 1071 3386 Salisb.
1109 3341 1265 3400 nequit
1291 3341 1408 3386 Par.
1437 3340 1560 3385 Med.
1591 3355 1620 3384 α
1648 3341 1674 3385 b
1700 3352 1726 3384 e
1753 3337 1923 3397 nequiit
1948 3339 2090 3397 uulyo

194 3426 285 3456 non
321 3412 432 3470 quiit
460 3411 793 3469 Stephccniana
928 3409 1023 3456 621
1065 3424 1163 3455 113111
1203 3412 1305 3456 eclcl.
1346 3423 1398 3454 na
1436 3411 1547 3456 libri
1661 3409 1731 3453 his
1769 3407 1946 3451 demum
1983 3407 2095 3453 libri

196 3483 230 3526 is
270 3481 447 3526 demum
480 3483 581 3527 edd.
692 3481 877 3525 miserer
913 3481 1024 3525 libri
1058 3482 1192 3525 miser
1230 3488 1299 3524 est
1337 3481 1437 3525 eclcl.
1568 3477 1667 3524 623
1705 3479 1850 3522 istaec
1888 3477 2092 3523 Botbius

198 3553 279 3596 ista
317 3552 426 3596 haec
460 3553 571 3597 libri
678 3551 987 3596 Senariorum
1020 3550 1187 3608 frusta
1226 3549 1415 3610 proinde
1452 3551 1589 3595 istaec
1626 3555 1700 3593 tua
1737 3546 1875 3593 Auser
1912 3561 1952 3593 e.
1981 3563 2025 3606 q.
2053 3560 2091 3592 s.

194 3621 420 3680 praefert
447 3621 528 3666 CF
538 3622 596 3666 W
620 3621 826 3667 Mueller
859 3621 1050 3679 prosocl.
1081 3620 1240 3666 Plaut.
1270 3619 1370 3665 386
