2294 3844
180 254 278 306 186
981 258 1031 297 L.
1066 257 1283 299 ATTIVS

770 386 1069 439 uncx'ffl
1136 387 1270 439 vide
1310 407 1359 456 p.
1406 388 1505 439 ios

938 481 1326 535 HELLENES

1056 572 1082 624 Ι
1123 570 1206 643 (1)

325 660 447 729 Qui,
488 659 593 712 nisi
634 662 887 729 probrum
900 705 911 730 7
954 663 1132 714 omnia
1173 662 1277 714 alia
1317 661 1569 714 indelicta
1611 663 1911 715 aestimant.

175 847 281 898 385
324 844 489 916 Signa
539 848 802 916 extemplo
854 849 1041 899 canere
1098 865 1158 900 ac
1205 849 1313 899 tela-
1361 849 1427 900 ob
1484 848 1695 900 moenia
1743 849 1930 901 offerre
1985 848 2080 902 1111-

1508 948 1673 1014 perat.

1058 1114 1207 1185 ius

325 1204 612 1256 Custodem
654 1205 934 1257 adsiduum
973 1205 1092 1257 Ioni
1134 1206 1383 1274 adposuit
1422 1204 1636 1276 uirgini.

1042 1301 1095 1353 ΙΙ
1138 1300 1221 1373 (3)

324 1389 557 1459 T6pper,
598 1393 656 1443 ut
695 1391 778 1459 fit7
816 1392 985 1461 patris
1025 1394 1078 1443 te
1120 1392 1273 1444 eiecit
1312 1389 1391 1443 ira
1435 1436 1443 1444 .
1487 1435 1495 1443 .

470 1619 477 1627 .
545 1578 866 1645 quibusnam
909 1582 961 1630 te
1003 1576 1191 1630 aibant
1233 1579 1472 1631 exortam
1511 1579 1678 1630 locis-⁵?

285 1720 542 1764 HELLENES
573 1723 595 1765 1
633 1725 801 1766 Festus
833 1739 874 1779 p.
908 1728 990 1768 229
1021 1727 1080 1767 Μ.
1124 1726 1429 1779 ‘probrum,
1472 1730 1698 1779 stuprum,
1739 1727 1988 1779 flagitium,
2029 1731 2080 1768 ut

169 1780 334 1820 Accius
365 1781 412 1820 in
444 1780 738 1824 Hellenibus:
774 1784 876 1835 qui'
911 1797 948 1826 e.
981 1797 1019 1836 q.
1054 1797 1087 1827 S.
1233 1783 1280 1823 11
1316 1783 1484 1824 Festus
1514 1798 1557 1836 p.
1593 1784 1672 1823 145
1703 1783 1762 1826 M.
1805 1785 2074 1836 ‘moenia‚

170 1838 308 1888 muri,
344 1842 390 1877 et
424 1842 580 1879 cetera
611 1839 885 1880 muniendae
917 1841 1043 1880 urbis
1075 1841 1227 1892 gratia
1260 1840 1412 1892 faeta,
1446 1843 1497 1880 ut
1518 1840 1679 1880 Accius
1711 1840 1758 1879 in
1779 1840 2075 1882 Hellenibus:

172 1894 333 1946 signa'
369 1906 407 1935 e.
444 1907 484 1946 q.
520 1907 554 1939 s.
672 1894 741 1935 Cf.
776 1897 862 1936 inc.
895 1897 988 1940 fab,
1022 1897 1148 1938 XIII.

280 1951 331 1990 Io
391 1950 413 1990 I
435 1951 700 1992 Priscianus
724 1954 784 1992 VI
808 1967 848 2005 p.
871 1955 953 1994 685
978 1954 1026 1994 Ρ.
1063 1954 1129 1993 ‘in
1152 1967 1176 1995 o
1198 1953 1465 2006 productam
1490 1952 1751 1994 desinentia
1773 1953 1951 1994 Graeca
1973 1958 2080 1995 sunt

172 2008 395 2047 feminina
427 2013 471 2048 et
502 2009 576 2048 uel
607 2007 778 2049 Graece
803 2009 1091 2051 declinantur
1120 2014 1171 2050 ut
1193 2012 1351 2051 Manto
1383 2010 1568 2050 Mantus
1599 2040 1636 2050 ..
1655 2042 1664 2050 .
1694 2010 1768 2051 uel
1800 2010 1960 2051 addita
1991 2011 2078 2051 nis

173 2064 351 2104 faciunt
383 2067 670 2116 genetiuum‚
702 2070 751 2105 ut
782 2066 897 2106 Dido
929 2067 1139 2109 Didonis.
1199 2068 1390 2108 Accius:
1430 2066 1690 2107 custodem'
1724 2080 1764 2107 e.
1797 2080 1838 2120 q.
1870 2081 1904 2107 s.
1945 2067 2076 2117 (Ac-

172 2121 290 2160 cius
323 2121 377 2159 in
408 2121 458 2160 io
474 2134 531 2162 ae
564 2121 720 2174 Bern.)
781 2123 906 2163 Idem
936 2123 1070 2176 paulo
1103 2127 1228 2177 post:
1272 2123 1410 2177 ‘quod
1442 2128 1594 2164 autem
1624 2123 1749 2164 Ionis
1782 2129 1829 2164 et
1859 2123 2078 2177 Calypso—

170 2178 238 2216 nis
272 2182 318 2217 et
350 2177 542 2218 Didonis
574 2178 755 2228 dicitur,
790 2180 990 2220 ostendit
1021 2180 1105 2220 hoc
1139 2181 1279 2221 etiam
1310 2180 1567 2221 Caesellius
1599 2180 1778 2220 Vindex
1809 2212 1817 2220 .
1837 2212 1845 2220 .
1866 2212 1874 2220 .
1912 2181 2076 2220 Accius

170 2235 214 2272 111
245 2234 380 2274 Ione:
415 2235 673 2275 custodem²
698 2249 734 2277 e.
760 2250 799 2289 q.
825 2249 860 2278 s,
905 2235 1124 2286 (Alcius
1148 2237 1285 2289 Sang.
1309 2237 1505 2280 Karolir.
1539 2237 1732 2276 Attius
1762 2237 1809 2277 in
1837 2236 1907 2278 lit.
1940 2237 2106 2278 Halb„

281 2290 411 2330 10110
446 2291 623 2332 Veneta
659 2295 678 2331 1
711 2293 800 2333 ioe
834 2293 955 2345 libri)
1018 2293 1254 2335 Charisius
1286 2294 1308 2333 I
1340 2308 1381 2346 p.
1413 2297 1465 2334 47
1497 2293 1548 2333 Ρ.
1586 2293 1745 2333 ‘huius
1776 2293 1924 2334 Didus
1964 2294 2075 2347 Sap-

169 2346 280 2398 phus
311 2348 435 2389 Inus.
498 2349 587 2388 Sed
625 2345 786 2389 melius
827 2355 951 2390 esset
993 2352 1238 2391 secundum
1272 2347 1484 2391 Latinam
1525 2350 1900 2391 consuetudinem
1940 2350 2076 2390 huius

169 2403 441 2455 Sapphoniffi
476 2405 668 2444 Didonis
701 2405 865 2449 dicere.
908 2407 1021 2446 Nam
1056 2412 1100 2447 et
1131 2408 1362 2447 Pacuuius
1393 2408 1457 2446 sic
1480 2407 1683 2446 declinat
1713 2437 1721 2445 .
1742 2437 1750 2445 .
1770 2437 1779 2447 .
1819 2411 1863 2446 et
1883 2406 2072 2447 Accius:

170 2459 427 2500 custodem’
465 2475 503 2501 e.
538 2475 577 2513 q.
612 2474 645 2501 s.
780 2462 826 2502 II
858 2464 1027 2504 Festus
1061 2477 1100 2516 p.
1136 2466 1216 2504 352
1249 2466 1308 2504 M.
1342 2468 1572 2516 etopper
1602 2485 1655 2490 —
1688 2485 1740 2490 —
1771 2485 1824 2491 —-
1856 2463 2071 2514 fortasse,

169 2517 233 2555 sic
265 2517 429 2556 Accius
461 2519 507 2556 in
537 2519 607 2558 Io:
642 2522 827 2570 topper’
862 2532 899 2559 e.
935 2532 975 2571 q.
1011 2533 1043 2559 s.
1161 2520 1230 2560 ΙΙΙ
1264 2520 1526 2560 Priscianus
1560 2520 1598 2558 X
1630 2533 1672 2570 p.
1696 2520 1777 2559 906
1801 2520 1851 2559 P.
1885 2519 2074 2560 ‘Accius

168 2574 213 2611 111
243 2573 375 2612 Ione:
417 2574 689 2624 quibusnam
727 2606 736 2614 .
766 2606 775 2615 .
802 2606 810 2616 .
847 2575 981 2625 locis,
1022 2590 1100 2628 pro
1133 2577 1345 2627 aiebant,
1388 2576 1508 2628 quod
1546 2577 1592 2615 in
1632 2575 1713 2615 hac
1745 2576 2073 2628 coniugatione

169 2625 263 2668 lieri
304 2628 450 2669 solet.’
503 2628 652 2680 (ione
685 2631 797 2682 Reg.
830 2644 885 2670 m.
921 2634 941 2670 1
975 2632 1144 2674 Halo?
1186 2633 1268 2672 ioe
1301 2633 1460 2673 Bamb.
1492 2634 1627 2674 Bern.
1661 2632 1788 2675 Grut.
1820 2632 1927 2684 Reg.
1960 2646 2016 2672 m.
2049 2636 2073 2672 2

166 2684 304 2725 Halb.
339 2698 453 2725 corr.
487 2685 679 2726 Karolir.
711 2700 770 2727 oe
804 2688 960 2740 Sang.)

276 2819 375 2864 385
417 2819 564 2864 offerri
603 2822 905 2866 scribendum
934 2826 1036 2867 erit.
1152 2823 1251 2869 386
1279 2822 1465 2867 adsidufi
1492 2824 1627 2868 minoi
1656 2823 1862 2868 Charisii
1887 2826 1990 2870 coci.

166 2889 395 2949 :udpossuit
424 2893 525 2936 cod.
558 2890 765 2937 Charisii
803 2894 1014 2953 opposuit
1053 2896 1205 2939 altero
1230 2894 1386 2939 Prisc.
1423 2896 1527 2939 loco
1557 2894 1702 2954 Suny.
1742 2895 1938 2939 instituit
1961 2896 2074 2941 libri

164 2963 384 3020 plerique
415 2968 618 3019 praeter
646 2963 790 3023 Suny.
822 2971 865 3009 et
894 2964 1027 3010 Grut.
1059 2967 1211 3010 altero
1238 2965 1481 3010 Prisciani
1504 2967 1622 3020 loco,
1654 2968 1736 3024 qui
1760 2978 1825 3010 cx
1852 2965 2075 3012 Caesellii

182 3031 385 3076 Vindicis
423 3038 677 3079 stromateo
704 3042 920 3092 sumptus
957 3041 1041 3080 est.
1087 3036 1248 3081 Vtrum
1274 3035 1482 3095 adposuit
1509 3051 1570 3081 un
1598 3036 1794 3080 instituit
1821 3039 2071 3094 scripserit

161 3107 306 3160 poeta
334 3105 474 3146 etiam
501 3108 770 3150 recentiore
792 3106 1010 3164 perfecti
1037 3106 1200 3165 formu
1230 3107 1382 3166 posuit
1407 3105 1594 3151 dubium
1623 3108 1759 3152 reddi
1782 3108 1942 3152 docuit
1967 3108 2070 3153 Rit-

166 3173 376 3217 schelius
402 3174 458 3217 de
485 3177 687 3220 miliario
716 3176 981 3233 Popilliuno
1003 3191 1053 3234 p.
1085 3177 1111 3222 7
1233 3177 1332 3223 387
1364 3185 1406 3221 te
1433 3177 1561 3222 eiecit
1602 3178 1821 3222 Vaticani
1846 3176 1928 3222 Rs
1953 3182 2068 3222 teste

167 3243 477 3299 Momm-seno,
518 3245 744 3290 Faernus
785 3250 828 3290 te
866 3248 968 3291 eicit
1008 3247 1159 3306 Neap.
1199 3248 1283 3305 (cf.
1313 3248 1376 3292 H.
1404 3248 1591 3293 Keilius
1627 3250 1657 3294 l.
1691 3250 1723 3292 l.
1763 3261 1808 3304 p.
1837 3245 1955 3304 626)
1995 3253 2068 3292 ten

167 3314 266 3357 eicit
299 3314 497 3359 Vrsinus
522 3314 595 3359 ted
623 3316 724 3360 eicit
752 3319 845 3372 (1ιεί
871 3317 1017 3374 eiecit)
1050 3317 1100 3363 Ο.
1128 3318 1394 3363 Muellerus
1509 3319 1571 3362 ira
1609 3318 1807 3363 Vrsinus
1831 3319 1879 3362 in
1907 3318 2066 3363 adnot.

165 3385 251 3427 iras
281 3385 382 3430 cod.
424 3384 543 3429 foras
571 3386 797 3431 Faernus
908 3387 1120 3434 Creticus
1158 3390 1264 3433 olim
1294 3389 1426 3443 edidi,
1459 3402 1564 3433 cum
1591 3389 1695 3432 eicit
1720 3400 1986 3433 serutarem.

169 3481 267 3527 389
297 3463 409 3527 albari
428 3484 644 3529 Kurolir.
751 3492 949 3530 exortam
978 3489 1154 3544 scripsi
1178 3492 1325 3530 ortum
1353 3487 1463 3530 libri
1488 3485 1718 3530 oriundam
1759 3486 1997 3532 Vsenerus

169 3551 431 3610 quibusnam
460 3561 501 3598 tc
529 3561 676 3599 ortum
707 3554 850 3599 ailmnt
887 3555 996 3600 locis
1028 3557 1245 3602 Botlzius.
1284 3556 1494 3601 Creticos
1519 3554 1782 3617 quibusnam
1821 3555 1881 3600 Te
1920 3555 2066 3602 aibant

171 3638 211 3668 0,
251 3622 280 3666 l.
322 3625 559 3670 dimensus
595 3639 752 3684 crum,
792 3639 880 3671 ncc
912 3629 1075 3685 placet
1113 3627 1185 3672 tcd
1224 3625 1369 3672 aibant
1407 3632 1548 3671 ortam
1586 3628 1633 3671 in
1669 3627 1875 3672 senario.
