2294 3844
936 190 1368 233 colzoLLARlvM
1479 235 1484 240 ,
1960 194 2100 235 XXX}

205 328 343 378 lerus
377 326 753 377 animadvertit
792 327 900 376 fere
943 326 1151 393 integra
1191 328 1379 393 poetae
1415 326 1572 376 verba
1607 345 1717 377 esse
1760 329 1830 378 sic
1867 330 2102 380 versibus

205 414 611 466 conformanda:

1007 499 1139 552 uidi
1182 520 1283 552 eas
1324 504 1518 552 ferme
1559 503 1829 554 fominus

277 589 581 642 incolumi
616 589 938 658 pudicitia
973 608 1129 657 esse,
1170 591 1326 657 quae
1361 594 1532 641 stata
1565 590 1764 642 forma
1799 593 2025 644 fort-nt.

205 693 277 745 At
324 713 406 745 me
463 695 697 746 tenuitas
756 693 1014 762 quaedam
1065 694 1324 744 sermonis
1373 712 1403 744 a
1451 694 1546 744 tali
1596 694 1965 746 observatione
2018 698 2099 747 de-

200 785 476 834 terruerat.

347 885 413 938 V.
453 887 558 938 258
615 886 770 937 fidem
819 886 950 937 haec
999 886 1336 953 potissimum
1385 885 1642 936 librorum
1692 887 1953 953 scriptura
1997 889 2101 951 sm·-

200 975 407 1040 te'z‘erque
444 976 714 1026 innoxium
753 991 932 1025 uocare
972 976 1246 1026 adeun-,snm
1285 975 1610 1025 adetm·.s·({ri()8
1649 975 1838 1025 mereri
1880 975 2099 1027 videtur.

199 1061 340 1113 Nam
381 1063 447 1114 ad
487 1064 667 1130 priora
706 1064 934 1114 relatum
971 1064 1172 1128 sortiter
1200 1064 1421 1115 moleste
1457 1063 1695 1114 abundat
1728 1066 1781 1113 et
1820 1061 2099 1127 παρέλκει.

197 1150 260 1201 In
300 1169 455 1202 versu
498 1155 677 1202 autem
717 1152 961 1220 expedita
1003 1156 1129 1203 sunt
1175 1153 1346 1220 prima
1388 1155 1440 1202 et
1480 1155 1771 1219 postrema,
1821 1153 2100 1218 scrupulus

197 1243 249 1290 et
295 1258 639 1292 numerorum
687 1244 740 1291 et
788 1241 1068 1309 sermonis,
1123 1241 1178 1291 in
1227 1259 1330 1308 quo
1381 1240 1640 1307 offendas,
1695 1240 1750 1290 in
1798 1239 1971 1291 medio
2021 1246 2101 1290 est

195 1345 389 1379 uocare.
460 1328 574 1389 Quo
617 1330 787 1397 magis
828 1347 1134 1396 perversum
1176 1329 1317 1397 quod
1355 1329 1457 1380 hoc
1498 1346 1623 1395 prae
1665 1329 1851 1379 ceteris
1893 1346 2100 1379 servare

198 1417 537 1482 studuerunt,
577 1418 781 1485 reliqua
822 1417 1072 1468 audacter
1111 1421 1318 1468 mutare
1359 1435 1469 1468 non
1510 1416 1902 1467 dubitaverunt.
1966 1416 2099 1468 Lau-

196 1504 402 1556 dandus
442 1506 607 1574 igitur
646 1505 1026 1574 BuechelerUS,
1076 1506 1216 1574 quod
1266 1524 1390 1557 vera
1439 1506 1672 1556 vulneris
1721 1506 1841 1556 sede
1891 1506 2098 1556 detecta

196 1594 468 1662 scripsisse
524 1594 763 1645 Ennium
812 1595 1039 1646 coniecit
1087 1595 1428 1663 ‘fortiterque
1483 1594 1759 1645 innoxium
1806 1598 1938 1645 stare
1993 1592 2100 1663 (vel

197 1681 411 1753 [vesta-re)
447 1682 730 1734 aduersum
764 1683 1136 1735 aduersarios'.
1196 1682 1399 1744 Quibus
1437 1683 1659 1734 eandem
1700 1682 1979 1733 adsecutus
2020 1687 2101 1733 est

195 1772 539 1839 sententiam,
580 1790 739 1839 quam
779 1772 892 1840 ipse
928 1772 1053 1824 olim
1088 1772 1350 1841 flagitavi,
1391 1790 1510 1823 cum
1552 1771 1885 1838 ‘fortiterque
1920 1775 2098 1839 aperte

193 1863 452 1928 pugnare'
497 1861 838 1928 periclitarer.
888 1858 989 1912 Sed
1031 1864 1211 1912 ‘stare’
1256 1862 1559 1929 corruptela
1598 1861 1654 1911 in
1686 1876 1865 1910 uocare
1906 1860 2097 1910 abiisse

194 1965 382 2014 parum
438 1949 701 2000 credibile.
793 1948 1108 2001 Absolvitur
1164 1950 1488 2018 emendatio,
1551 1950 1594 2000 si
1650 1966 1826 1999 orare
1880 1949 2097 2000 verbum

193 2036 467 2103 proprium
508 2038 606 2105 eiS,
646 2037 736 2105 qui
777 2017 990 2089 causani
1032 2042 1223 2107 agunt,
1264 2038 1615 2089 substitueris.

340 2138 405 2190 In
455 2141 699 2207 sequenti
755 2159 909 2192 versu
958 2160 1024 2192 ne
1082 2142 1165 2192 cui
1220 2141 1449 2192 Acidalii
1498 2141 1799 2192 coniectura
1848 2157 1904 2189 ea
1954 2140 2097 2190 Iiber-

193 2232 313 2290 tast,
353 2229 399 2279 si
438 2230 527 2294 qm]
556 2234 732 2295 pectus
764 2230 1012 2298 inponat,
1053 2233 1267 2281 cautum
1302 2230 1421 2282 volo
1456 2229 1709 2296 exemplis
1742 2228 1916 2279 Plauti
1948 2228 2096 2278 Asin.

193 2317 299 2368 323
342 2319 455 2368 ‘em
495 2318 599 2369 ista
638 2319 806 2370 virtus
855 2323 956 2386 est,
1005 2318 1218 2386 quando
1266 2321 1419 2369 usust
1467 2318 1556 2386 qui
1595 2318 1795 2368 malum
1842 2317 1946 2367 fert
1992 2318 2095 2367 for-

146 2390 151 2396 *
191 2405 343 2457 titer'
387 2409 439 2457 et
479 2406 715 2458 Terentii
754 2407 867 2458 hec.
911 2407 1016 2459 608
1067 2407 1232 2458 ‘istuc
1273 2409 1353 2457 est
1393 2424 1598 2474 sapere,
1648 2406 1736 2473 qui
1783 2406 1872 2455 ubi
1915 2424 2094 2473 quom-

193 2513 293 2562 que
335 2513 468 2563 opus
511 2496 580 2546 sit
620 2496 858 2547 animum
898 2495 1084 2564 possis*
1112 2495 1364 2547 flectere.’

338 2597 403 2650 V.
429 2598 550 2649 262.
598 2598 681 2649 Ex
705 2599 916 2650 traditis
950 2604 1058 2650 tum
1084 2604 1138 2650 tu
1161 2600 1248 2651 iste]
1280 2600 1472 2650 credere
1496 2598 1704 2649 facilius
1732 2598 1891 2648 etiam
1919 2598 2094 2648 elicias

191 2690 242 2737 tu
299 2688 523 2738 ‘metuisti
579 2688 799 2738 credere:
849 2687 913 2738 cf.
960 2687 1138 2739 Plauti
1184 2686 1373 2738 Pseud.
1421 2687 1529 2738 304
1585 2690 1791 2737 ‘metuo
1848 2685 2090 2736 credere.’

191 2774 359 2826 Totus
399 2776 564 2844 igitur
603 2775 751 2827 locus
789 2775 1018 2827 fortasse
1059 2776 1132 2827 sic
1172 2776 1555 2827 restituendus:

812 2876 1031 2949 [nonne]
1074 2882 1134 2931 tii
1174 2880 1412 2931 metuisti
1452 2878 1699 2930 credere?

515 2968 539 3026 Π·
579 2951 742 3034 tuque
784 2968 1024 3019 exercere
1064 2966 1331 3038 linguam,
1371 2971 1431 3019 ut
1471 2967 1770 3037 argutarier

513 3053 689 3123 possis
731 3086 799 3091 -—
840 3055 867 3106 ⁶?

336 3157 401 3210 V.
441 3158 564 3210 267.
627 3156 897 3210 Constans
930 3160 987 3210 in
1015 3160 1186 3225 futtile
1218 3178 1345 3213 voce
1379 3160 1580 3228 primae
1614 3157 1811 3210 vocalis
1845 3174 2091 3207 mensura

188 3247 353 3316 longa
409 3250 461 3298 et
516 3247 929 3299 adlitterationis
987 3247 1269 3299 artificium
1327 3248 1485 3300 unius
1540 3246 1783 3299 versiculi
1839 3245 1987 3310 orbe,
2047 3244 2090 3293 si

190 3334 302 3386 fieri
341 3338 542 3403 potest,
582 3335 939 3388 cohibendum
979 3354 1163 3388 vocem
1202 3338 1358 3389 amici
1398 3335 1640 3404 quamvis
1681 3351 1773 3401 per
1813 3350 1867 3382 se
1908 3334 2090 3398 aptam

189 3423 246 3473 in
279 3422 636 3491 suspicionem
669 3428 886 3493 vocant,
924 3427 985 3476 ut
1024 3443 1159 3492 quae
1193 3426 1307 3477 sola
1347 3425 1416 3476 sit
1454 3425 1510 3475 in
1551 3441 1655 3490 qua
1693 3420 1865 3489 possit
1901 3419 2089 3470 vitium

189 3511 367 3562 latere.
439 3509 637 3580 Scripsi
676 3513 841 3580 igitur
880 3515 1097 3577 animi,
1138 3517 1219 3581 ut,
1260 3532 1379 3565 cum
1420 3512 1545 3563 alibi
1585 3511 1666 3562 vel
1706 3508 1936 3577 pendere
1975 3507 2089 3558 falli
