2294 3844
179 203 245 253 68
974 204 1028 253 Q.
1062 202 1281 244 ENNIVS

329 332 525 402 Canni,
564 335 859 402 plausuque
899 336 1149 402 premunt
1189 335 1315 385 alas.

959 451 1147 505 xxm
1187 450 1307 523 (51)

324 548 434 600 Eos
473 548 652 600 reduci
691 549 851 616 quam
889 549 1140 618 relinqui,
1181 548 1371 600 de'uehi
1412 566 1571 617 quam
1611 547 1782 599 deseri

322 644 505 697 Malui.
1343 637 1387 677 0

967 763 1153 817 XXIV
1181 761 1300 835 (64)

178 867 286 919 360
329 866 573 919 'Animus
615 885 773 937 aeger
813 869 1020 937 semper
1060 871 1222 920 errat:
1263 869 1435 937 neque
1474 868 1588 937 poti
1627 886 1799 936 neque
1838 867 2045 936 perpeti

322 963 470 1015 Potis
511 967 591 1016 est
631 1005 900 1017 ......
941 969 1131 1033 cupere
1172 983 1465 1033 numquam
1505 965 1714 1017 desinit.

993 1083 1150 1136 XXV
1177 1081 1260 1155 (2)

321 1178 414 1231 ‘Vt
451 1178 550 1229 tibi
591 1178 798 1231 Titanis
840 1178 1023 1232 Triuia
1064 1181 1267 1233 dederit
1307 1181 1528 1249 stirpem
1565 1178 1797 1232 lsberum

589 1275 775 1329 XXVI
816 1274 980 1346 (Enn.
1005 1276 1144 1329 Med.
1174 1277 1241 1329 16
1281 1278 1383 1329 ine.
1411 1280 1547 1329 auct.
1577 1274 1669 1347 15)

320 1370 373 1423 N
377 1373 507 1440 e'que
547 1374 701 1425 tuum
739 1392 995 1442 umquam
1033 1374 1091 1426 in
1131 1374 1393 1444 gremium
1433 1375 1656 1427 extollas
1695 1370 1990 1426 liberorum
2023 1391 2085 1424 ex

1386 1473 1441 1524 te
1482 1489 1665 1541 genus,

191 1632 304 1686 galli
338 1636 508 1672 canant
548 1664 555 1672 .
582 1633 740 1685 ..qui
773 1633 954 1698 quidem
986 1633 1170 1674 silentio
1202 1634 1373 1684 noetis,
1412 1637 1463 1674 ut
1494 1635 1559 1673 ait
1588 1634 1789 1681 Ennius,
1831 1633 2016 1674 fauent’
2049 1646 2087 1673 e.

187 1703 226 1741 q.
262 1702 295 1729 s.
347 1689 585 1729 Pertineie
617 1690 796 1730 conieci
826 1689 886 1729 ad
918 1694 1196 1743 anapaestos
1236 1692 1312 1743 qui
1342 1691 1613 1757 Iphigeniae
1645 1691 1776 1731 initio
1807 1690 2090 1730 canebantur

179 1745 258 1808 (ef.
283 1745 305 1785 I
329 1751 375 1785 et
396 1745 480 1809 II),
498 1745 623 1786 faeta
646 1746 703 1785 ad
726 1746 959 1799 exemplai
979 1747 1327 1800 Euripideoium
1348 1761 1391 1787 u.
1415 1750 1439 1789 9
1463 1739 1640 1789 οὔκουν
1664 1740 1881 1800 φθόγγος
1912 1739 1958 1800 γ’
1981 1738 2086 1787 ov'v'

185 1793 398 1854 ὀρνίθων
432 1795 542 1843 οὔτε
573 1795 824 1857 θαλάσσης
858 1807 903 1843 et
936 1805 1014 1844 156
1047 1802 1122 1844 ἴθι
1157 1803 1398 1846 λευκαίνει
1428 1818 1470 1845 κ.
1502 1819 1540 1845 τ.
1573 1805 1612 1846 λ.
1717 1803 1874 1843 XXIII
1902 1804 2086 1844 Diome-

175 1858 255 1898 des
284 1873 325 1911 p.
356 1861 437 1899 441
470 1859 520 1899 P.
556 1859 981 1900 ‘homoeoteleuton
1105 1865 1157 1901 ut
1187 1861 1310 1914 apud
1341 1862 1559 1901 Ennium:
1594 1864 1696 1901 eos’
1731 1874 1768 1904 e
1804 1874 1844 1913 q.
1876 1873 1909 1900 s,
1963 1859 2083 1900 Cha—

175 1915 310 1955 risius
341 1915 405 1956 IV
435 1929 477 1968 p.
508 1917 588 1955 251
619 1917 669 1956 P.
719 1916 1144 1957 homoeoteleuton
1181 1949 1189 1958 .
1220 1949 1229 1957 .
1254 1949 1263 1958 .
1302 1921 1374 1958 ut:
1414 1918 1523 1958 hos’
1558 1931 1597 1957 e.
1630 1930 1671 1970 q.
1705 1929 1742 1958 S.
1801 1916 1974 1958 Donati
2012 1929 2084 1956 ars

177 1985 364 2024 gramm.
397 1985 440 2024 p.
477 1974 584 2013 1774
616 1974 667 2013 Ρ.
711 1971 918 2025 (gramm.
949 1974 1075 2013 Latt.
1109 1973 1173 2013 IV
1204 1976 1285 2015 398
1319 1974 1392 2025 K
1378 1973 1392 2001 l
1436 1973 1862 2015 ‘homoeoteleuton
1892 2004 1902 2015 .
1927 2004 1937 2014 .
1965 2003 1975 2012 .
2010 1975 2083 2013 ut:

181 2032 285 2068 eos’
321 2041 358 2070 e.
396 2041 436 2080 q.
469 2042 503 2069 s.
566 2029 632 2068 Ad
664 2029 953 2095 Iphigeniam
984 2030 1156 2070 rettuli.
1259 2030 1410 2071 XXIV
1442 2030 1600 2071 Cicero
1633 2031 1770 2072 Tuse.
1801 2031 1916 2083 disp
1949 2029 2084 2080 1113,

238 2089 314 2124 ‘at
347 2089 392 2124 et
423 2085 566 2125 morbi
597 2086 951 2138 perniciosiores
982 2086 1228 2153 pluresque
1259 2091 1365 2127 sunt
1397 2088 1537 2127 animi
1569 2100 1701 2140 quam
1729 2087 1944 2140 eorporis.
1983 2086 2085 2125 Hoe

179 2142 297 2181 enim
339 2142 466 2194 ipso’
511 2139 596 2191 (sie
635 2142 824 2183 Bakius.
880 2143 954 2183 ‘hi
994 2145 1111 2184 enim
1143 2144 1258 2196 ipsi'
1301 2141 1450 2194 codd.)
1493 2144 1668 2185 ‘odiosi
1707 2148 1830 2195 sunt,
1874 2142 1992 2196 quod
2029 2141 2086 2181 ad

177 2199 376 2237 animum
408 2198 640 2250 pertinent
674 2212 861 2252 eumque
895 2200 1170 2250 sollicitant,
1213 2201 1478 2253 animusque
1514 2212 1674 2253 aeger,
1713 2204 1764 2240 ut
1795 2176 1861 2240 a’it
1891 2199 2082 2248 Ennius,

176 2258 377 2306 semper'
415 2268 450 2294 e.
485 2268 526 2307 q.
559 2267 594 2294 s.
639 2254 707 2298 Cf.
728 2269 770 2296 u.
795 2258 876 2297 190
990 2257 1117 2298 XXV
1147 2256 1289 2297 Varro
1323 2257 1378 2297 de
1412 2258 1439 2297 l.
1472 2257 1524 2300 L.
1557 2257 1645 2298 VII
1678 2258 1728 2297 16
1750 2258 1808 2300 M,
1857 2256 2082 2295 ‘Enniust

177 2314 227 2350 ut
257 2311 371 2350 tibi'
407 2324 445 2352 e.
480 2324 520 2363 q.
556 2324 590 2351 s.
633 2311 888 2352 ‘Titanis
921 2314 1123 2353 Triuia
1153 2313 1308 2353 Diana
1342 2317 1437 2353 est'
1469 2326 1505 2354 e.
1542 2326 1582 2365 q
1618 2326 1650 2358 s,
1699 2312 1885 2354 Medeae
1924 2311 2085 2353 tribuit

178 2367 229 2409 Ο.
261 2366 509 2407 Muellerus
542 2368 925 2451 eonl.’Eu1ipidis
957 2382 1000 2409 u,
1036 2371 1137 2410 714:

513 2430 660 2485 οὕτως
693 2434 806 2490 ἔρως
838 2451 912 2480 σοι
941 2435 1075 2505 πρὸς
1092 2439 1225 2482 θεῶν
1254 2433 1539 2506 τελεσφόρος

516 2490 704 2547 γένοιτο
734 2494 950 2548 παίδων,
984 2489 1161 2545 καύτὸς
1193 2489 1351 2551 ὄλβιος
1381 2493 1574 2546 θάνοις

295 2564 445 2604 XXVI
478 2564 639 2605 Cicero
664 2565 794 2606 Orat.
819 2569 888 2619 46,
915 2570 993 2608 155
1027 2569 1207 2621 ‘itaque
1239 2568 1358 2608 idem
1391 2573 1550 2622 poeta,
1584 2570 1662 2622 qui
1683 2570 1949 2610 inusitatius
1981 2582 2082 2610 eon-

179 2625 383 2661 traxerat
417 2619 554 2674 [44].
573 2654 610 2663 ..
642 2627 687 2662 et
713 2620 849 2677 [51].
895 2655 904 2664 .
944 2637 1034 2664 non
1066 2625 1179 2664 dieit
1210 2624 1424 2678 liberum,
1458 2631 1506 2665 ut
1527 2626 1749 2693 plerique
1755 2627 1981 2679 loquimu1

177 2678 255 2717 sed
286 2682 336 2717 ut
367 2678 446 2717 isti
477 2679 661 2719 uolunt.
696 2692 844 2732 neque
877 2684 1028 2721 tuum’
1062 2695 1101 2722 e.
1126 2694 1168 2733 q
1192 2695 1230 2723 s.
1262 2713 1271 2722 .
1291 2713 1299 2722 .
1318 2714 1327 2723 .
1376 2683 1455 2723 ‘At
1485 2683 1564 2723 ille
1587 2683 1706 2723 alter
1736 2685 1783 2723 in
1805 2683 1978 2736 Chryse

176 2859 362 2902 cedenti
405 2861 645 2905 uersiculo
693 2866 824 2905 noete
872 2860 1023 2906 silenti
1061 2863 1137 2908 uel
1174 2864 1325 2909 simile
1370 2866 1523 2909 noctis
1560 2865 1783 2910 indicium
1825 2862 1937 2922 fuit.

179 2929 324 2972 raucis
363 2931 440 2974 uel
478 2931 594 2974 rauis
636 2934 756 2976 coni.
796 2930 1109 2992 Hottinyerus
1254 2933 1353 2980 357
1394 2941 1550 2980 cantus
1587 2936 1717 2981 Leid.
1747 2934 1836 2978 AB
1884 2933 2076 2979 Vindob.

176 3013 233 3042 m.
269 3013 345 3056 pr.
494 3006 624 3044 cantu
675 3003 886 3047 datiuum
925 3015 1027 3048 esse
1069 3010 1178 3062 post
1215 3004 1443 3050 Rathium
1492 3011 1536 3051 et
1573 3007 1657 3051 Fr.
1696 3005 1964 3050 Iacobsium
2008 3006 2079 3048 in-

176 3070 359 3114 tellexit
397 3070 708 3116 Foertscbius
746 3079 931 3130 quaest.
977 3074 1095 3119 Tull.
1137 3074 1199 3119 II
1230 3075 1260 3120 8
1370 3075 1588 3135 lausuque
1626 3077 1754 3121 Leid.
1794 3075 1835 3119 A
1888 3074 2078 3120 Vindob.

177 3154 236 3184 m.
269 3154 351 3198 pr.
523 3140 621 3186 358
662 3142 744 3187 hos
785 3143 1028 3189 Charisius
1184 3152 1228 3189 te
1266 3144 1366 3190 duci
1403 3146 1640 3192 Diomedis
1676 3145 1868 3192 Monac.
1923 3142 2080 3188 deduci

176 3209 292 3253 Par.
320 3209 404 3254 AB
454 3212 577 3256 reuei
614 3212 793 3258 Donati
829 3213 1025 3260 Sumen.
1067 3230 1122 3260 m.
1149 3230 1228 3274 pr.
1363 3230 1494 3275 quam
1532 3217 1724 3276 relinqui
1762 3230 1849 3262 om.
1891 3214 2077 3259 Diome-

178 3281 249 3323 dis
285 3281 397 3325 libri
443 3295 574 3340 quam
621 3282 875 3342 relinquere
913 3285 1092 3330 Donati
1128 3285 1325 3332 Samen.
1364 3302 1422 3331 m.
1457 3302 1538 3345 pr.
1589 3285 1900 3349 (scriptumne
1945 3283 2078 3328 relin-

179 3351 280 3408 quei
314 3350 461 3411 fuit?)
608 3352 759 3397 deuihi
797 3355 1033 3400 Diomedis
1070 3355 1260 3402 Monac.
1303 3357 1432 3401 deuei
1469 3358 1585 3402 Pur.
1626 3358 1667 3402 Α
1678 3390 1692 3417 ,
1740 3355 1918 3401 Donati
1953 3354 2076 3400 San-

178 3425 267 3464 ten.
306 3435 364 3467 m.
397 3435 479 3478 pr.
590 3422 757 3467 deserit
781 3424 1019 3471 Diomedis
1055 3427 1248 3472 Monac.
1359 3427 1458 3473 359
1500 3427 1655 3472 maluit
1692 3427 1929 3473 Diomedis
1952 3425 2073 3470 Par.

180 3489 226 3532 B
334 3490 436 3536 360
473 3488 590 3554 poti]
632 3494 723 3551 pati
760 3495 875 3540 libri
981 3496 1078 3542 361
1120 3498 1238 3556 potis
1266 3491 1358 3558 est]
1398 3503 1551 3557 potest
1577 3498 1687 3543 libri
1793 3495 1893 3542 363
1933 3508 2077 3554 neque

179 3565 303 3603 tuum
344 3560 460 3607 Gud.
491 3576 517 3606 c
555 3576 700 3622 neque
740 3570 789 3608 tu
829 3570 979 3611 celeri
1010 3569 1125 3613 libri
1147 3581 1260 3613 neue
1289 3573 1336 3612 tu
1363 3568 1732 3621 Fleckeiseuu8‚
1771 3568 1855 3612 sed
1878 3566 1946 3626 cf.
1975 3565 2073 3613 311
