2294 3844
180 247 279 299 160
974 249 1027 288 L.
1061 247 1279 288 ATTivs

950 375 1305 428 ATHAMAS

1048 472 1074 524 I
1116 470 1198 542 (6)

325 568 480 620 Prius
522 588 679 638 quam
721 568 902 621 infans
942 568 1150 620 facinus
1193 568 1332 619 oculi
1371 571 1662 620 ueseuntiir
1699 568 1779 620 tui

1046 663 1099 715 ΙΙ
1142 661 1225 734 (7)

184 762 286 813 190
327 762 547 814 Veritus
589 780 704 813 sum
745 762 997 830 arbitros,
1045 763 1203 829 atque
1251 761 1459 813 utinam
1506 762 1702 812 memet
1750 760 1952 828 possim.
1993 760 2082 813 ob-

1506 855 1704 909 liseier!

325 1050 414 1102 Ah
456 1051 641 1103 dubito
683 1051 808 1120 quid
849 1051 986 1119 agis:
1028 1052 1156 1102 eziue
1196 1069 1263 1102 ne
1303 1051 1360 1101 111
1398 1050 1612 1102 turbam
1651 1053 1703 1102 te
1744 1047 1983 1118 inpliees

327 1242 554 1296 Hostem
594 1246 653 1295 iit
692 1243 1005 1312 profugiens
1047 1241 1249 1294 inimici
1288 1243 1542 1295 inuadam
1582 1241 1640 1295 1'11
1679 1246 1907 1298 manus?

1042 1339 1093 1391 V
1135 1336 1216 1410 (2)

325 1434 489 1487 Cuius
546 1436 614 1487 sit
661 1436 774 1487 uita
821 1436 1107 1505 indecoriS,
1162 1439 1389 1489 mortem
1444 1437 1629 1508 fiigere
1683 1441 1896 1508 turpem
1948 1439 2083 1491 haut

1508 1536 1776 1587 conuenit.

1025 1629 1105 1682 VI
1147 1627 1229 1701 (5)

331 1723 500 1796 [Tuis]
544 1725 814 1777 benefieiis
847 1726 1234 1778 hostimentum
1276 1727 1774 1796 ἰ(116111111111611611511
1814 1730 1867 1780 et
1907 1745 2084 1798 graue.

295 1889 520 1928 ATHAMAS
554 1887 788 1939 (Auium
822 1888 880 1931 cf.
915 1889 970 1932 fr.
1003 1890 1078 1930 IV.
1110 1890 1167 1929 ΙΙ.
1201 1887 1290 1941 ΙΙΙ)
1322 1890 1341 1929 I
1373 1890 1486 1929 Non.
1512 1891 1577 1941 56,
1603 1892 1653 1929 12
1686 1890 1906 1930 ‘infans
1939 1904 1966 1930 a
1996 1904 2084 1931 non

183 1945 322 1985 fando
356 1945 500 1985 dictus
533 1950 604 1984 est
632 1977 640 1985 .
662 1976 670 1983 .
691 1977 699 1985 .
731 1951 776 1984 et
807 1950 877 1985 est
909 1946 1026 1998 quod
1058 1951 1136 1985 aut
1169 1945 1259 1985 dici
1290 1959 1378 1986 non
1402 1947 1571 1986 debeat
1602 1951 1682 1987 aut
1714 1947 1805 1986 fari
1824 1960 1914 1988 non
1946 1948 2088 1999 possit

260 2033 267 2041 .
315 2002 480 2042 Accius
522 2001 815 2041 Athamante:
856 2002 1004 2054 prius’
1040 2016 1080 2043 e.
1115 2016 1156 2054 q.
1191 2015 1224 2042 s,
1290 2003 1415 2043 Idem
1454 2005 1557 2055 416,
1604 2006 1654 2042 12
1695 2005 1883 2044 (116561
1922 2004 2085 2043 iterum

177 2059 350 2098 uidere.
403 2059 569 2098 Accius
602 2058 897 2098 Athamante:
931 2060 1082 2111 prius’
1117 2072 1155 2098 e.
1192 2072 1233 2111 q.
1267 2071 1300 2098 s.
1409 2061 1454 2100 II
1484 2060 1600 2099 Non.
1634 2062 1736 2111 500,
1772 2063 1792 2099 1
1828 2064 2082 2100 ‘accusa-

178 2117 334 2154 tiuus
364 2128 444 2166 pro
479 2114 689 2166 genetiuo
720 2146 729 2155 .
748 2146 784 2155 ..
815 2115 983 2154 Accius
1012 2115 1249 2167 Eurysace
1281 2147 1289 2155 .
1310 2146 1318 2155 .
1338 2146 1347 2155 .
1377 2116 1495 2155 idem
1527 2116 1913 2168 Epinausimaehe
1945 2148 1953 2156 .
1973 2147 1981 2155 .
2001 2148 2010 2156 .
2042 2120 2088 2157 et

176 2171 488 2211 Adamante
528 2201 536 2210 .
568 2202 576 2211 .
604 2174 638 2209 .’
784 2172 851 2211 ΙΙΙ
883 2171 999 2213 Non.
1034 2174 1136 2221 524,
1171 2174 1224 2211 25
1266 2174 1506 2212 ‘turbam
1548 2179 1590 2211 et
1628 2173 1824 2213 turbas
1859 2173 2084 2213 diuersam

176 2227 336 2267 uolunt
377 2227 547 2267 habere
587 2227 989 2279 significationem,
1040 2234 1088 2267 ut
1129 2230 1187 2267 sit
1233 2229 1367 2268 turba
1406 2228 1562 2281 populi
1604 2234 1872 2278 conuentus,
1924 2231 2085 2269 turbae

178 2284 476 2323 turbationes.
537 2284 629 2324 Nos
663 2292 821 2323 contra
852 2284 1014 2324 lectum
1045 2285 1301 2324 inuenimus
1343 2290 1387 2324 et
1420 2285 1668 2324 indiscrete
1701 2288 1900 2338 positum
1932 2290 1977 2325 et
2007 2298 2086 2338 pro

180 2341 324 2379 turbis
357 2341 550 2380 turbam.
610 2341 776 2380 Accius
808 2340 1118 2380 Adamante
1150 2372 1186 2380 ..
1208 2344 1242 2382 ‚²
1350 2341 1413 2382 IV
1444 2342 1558 2381 Non.
1592 2343 1697 2392 324,
1733 2344 1750 2381 1
1789 2342 2086 2381 ‘inuadere

177 2410 350 2436 rursum
383 2397 514 2448 quasi
543 2397 588 2435 in
621 2397 788 2436 uadum
819 2410 964 2437 ruere.
1015 2398 1182 2437 Accius
1215 2399 1513 2438 Atamante
1545 2430 1553 2438 .
1574 2429 1582 2437 .
1603 2402 1638 2439 .’
1773 2400 1810 2437 V
1840 2398 1955 2438 Non.
1990 2398 2085 2443 489,

179 2456 199 2491 1
236 2452 551 2492 ‘indecoris
581 2467 661 2505 pro
693 2453 925 2496 indecora.
970 2454 1136 2493 Accius
1157 2453 1433 2494 Athamante
1467 2485 1503 2495 ..
1524 2457 1560 2493 .’
1678 2455 1738 2494 VI
1770 2456 1880 2497 Non.
1913 2457 2009 2502 315,
2035 2456 2085 2495 18

178 2513 404 2561 ‘graue‚
438 2508 628 2549 solidum
665 2513 709 2549 et
739 2509 923 2549 firmum.
975 2511 1142 2550 Accius
1175 2510 1452 2550 Athamante
1485 2542 1493 2551 .
1514 2542 1522 2550 .
1542 2514 1577 2550 .’

289 2688 384 2733 189
414 2686 593 2732 infantis
628 2687 687 2729 W
704 2701 755 2744 p.
786 2686 850 2732 56
885 2687 1064 2732 insertis
1092 2688 1219 2732 Leicl.
1244 2689 1411 2732 ibidem
1485 2689 1763 2733 uesciumtur
1787 2689 1916 2734 Leid.
1936 2702 1987 2746 p.
2017 2687 2082 2734 56

180 2759 438 2803 uestiuntur
478 2759 534 2802 W
567 2759 733 2802 ibidem
867 2758 967 2803 190
1001 2757 1190 2803 arbitros
1234 2758 1432 2803 Bollzius
1467 2757 1660 2803 arbitror
1694 2760 1808 2804 libri
1914 2759 2081 2818 possim

181 2836 344 2873 memet
372 2829 648 2874 Scriuerius
675 2829 869 2873 senario
968 2827 1176 2873 obliscier
1203 2829 1331 2873 Leicl.
1375 2828 1628 2873 obliuiseier
1656 2832 1806 2875 celeri
1827 2830 1952 2887 libri,
1992 2830 2090 2874 nisi

181 2901 307 2959 quod
343 2898 631 2944 obliscierent
665 2913 756 2956 pro
785 2897 992 2943 obliscier
1031 2901 1072 2943 in
1115 2912 1154 2943 e.
1184 2916 1226 2957 q.
1256 2913 1290 2944 s.
1323 2899 1490 2944 Bamb.
1533 2899 1603 2957 Cf.
1632 2900 1924 2945 Ritsclzelius
1949 2899 2082 2944 Prol.

185 2971 315 3014 Trin.
348 2984 399 3026 p.
433 2968 529 3014 152
571 2976 614 3013 et
652 2972 697 3012 in
738 2968 839 3014 Mil.
871 2969 1003 3014 1359
1135 2970 1229 3015 191
1273 2970 1325 3014 ah
1366 2969 1519 3013 dubito
1560 2971 1629 3014 ecl.
1666 2969 1796 3016 1526
1836 2983 1888 3014 an
1928 2968 2085 3014 dubito

181 3040 232 3083 113
260 3041 371 3084 libri
396 3040 502 3083 haut
530 3038 682 3082 dubito
714 3040 912 3084 Bolbius
942 3040 967 3083 1
997 3046 1040 3083 at
1068 3038 1221 3083 dubito
1254 3040 1451 3085 Rothius
1472 3039 1499 3083 2
1529 3046 1574 3084 at
1600 3039 1750 3084 dubita
1777 3040 1976 3099 Maelzly
1999 3041 2029 3084 l.
2054 3041 2085 3084 l.

183 3109 280 3154 287
323 3109 374 3152 alu
405 3109 506 3152 uide
534 3115 581 3152 tu
606 3124 746 3166 prop.
776 3110 1014 3154 Vsenerus
1111 3116 1153 3153 te
1181 3124 1266 3155 om.
1301 3111 1460 3155 Bamb.
1580 3110 1777 3169 implices
1807 3112 1907 3155 edd.
1939 3108 2084 3168 impli-

182 3181 242 3222 ‹is
274 3179 440 3223 Bamb.
477 3178 651 3237 inplieis
683 3182 832 3223 ceteri
863 3181 975 3224 libri
1097 3179 1192 3224 102
1224 3180 1400 3225 hostem
1430 3189 1475 3223 ut
1503 3180 1769 3239 profugiens
1798 3181 1999 3224 Bollzius
2038 3184 2086 3222 ut

181 3249 445 3308 profugiens
473 3249 650 3293 hostem
675 3251 798 3303 libri,
828 3252 953 3308 quod
972 3250 1070 3307 fuit
1097 3253 1178 3308 qui
1202 3250 1498 3309 defenderet.
1602 3250 1699 3296 193
1727 3250 1935 3294 indecora
1956 3248 2085 3293 Leid.

290 3319 446 3378 sugere
488 3326 662 3378 turpem
704 3318 816 3362 haud
845 3321 1056 3364 conuenit
1082 3318 1254 3365 Iunius
1280 3320 1440 3379 sugere
1481 3327 1610 3379 turpe
1637 3327 1713 3364 aut
1739 3318 1953 3364 conuenit
1977 3320 2090 3363 libri

179 3392 397 3447 plerique
434 3390 592 3449 sugere
627 3389 734 3433 haut
772 3391 981 3433 conuenit
1017 3404 1100 3435 ms.
1133 3391 1476 3448 Complutensz's
1515 3397 1631 3435 teste
1667 3392 1721 3434 A.
1753 3390 1945 3434 Schelle
1977 3388 2082 3434 obs.

181 3459 416 3504 kumJl5
518 3459 616 3504 194
644 3461 732 3503 tuis
762 3473 845 3503 om.
872 3461 984 3503 libri
1009 3461 1116 3504 meis
1150 3461 1388 3519 Berylcius
1409 3461 1533 3506 Mus.
1556 3461 1706 3506 Rlzen.
1734 3459 1867 3504 1835
1887 3458 2015 3516 2282

181 3528 405 3573 benefieiis
433 3530 590 3574 Palat.
633 3528 894 3573 ueneficium
937 3531 1094 3574 Vrbin.
1123 3530 1223 3576 308
1263 3529 1505 3575 ueneficius
1533 3533 1682 3574 ceteri
1715 3529 1826 3574 libri
1939 3529 2085 3574 hosti-

183 3606 379 3642 mentum
419 3607 594 3658 gratum
635 3601 848 3658 peperisti
889 3606 933 3643 et
972 3596 1131 3661 graue]
1175 3614 1356 3657 grauem
1387 3601 1579 3645 hostium
1609 3600 1823 3658 peperisti
1861 3606 1906 3644 et
1943 3612 2084 3660 graue
