2299 3803
170 223 273 273 240
574 223 657 263 ΕΧ
688 222 970 265 INCER'I‘IS
1003 222 1401 263 INCERTORVM
1432 220 1710 273 FABVLISj

1053 350 1186 402 XXI

882 446 1259 515 crispisulcans
1300 444 1521 516 igneum

319 522 545 575 Fulmen

963 609 1124 662 XXII
1165 608 1284 681 (51)

318 706 546 758 Martem
587 708 781 777 fatigat
821 707 1078 776 prodigus
1119 707 1263 758 uitae
1302 706 1464 758 furor.

1030 802 1220 855 XXIII

321 899 573 968 Supreme
614 900 739 951 belli
789 941 1036 951 .....
1084 901 1299 968 potens!

1032 995 1217 1049 XXIV

208 1092 279 1142 40
966 1161 969 1163 -
1065 1092 1303 1160 inplorat
1341 1091 1496 1144 fidem

317 1186 462 1238 Iouis
502 1187 807 1257 hospitalis7
848 1186 1035 1240 Graios
1077 1188 1249 1240 omnis
1291 1176 1567 1241 conuocat.

966 1283 1123 1337 XXV
1165 1282 1285 1355 (57)

319 1378 489 1449 Haec,
529 1380 812 1433 bellicosus
854 1380 943 1432 cul'
979 1383 1155 1451 pater,
1193 1382 1365 1434 mater
1406 1381 1548 1434 cluet
1587 1380 1848 1434 Minerua.

173 1547 303 1595 ‘pi-o:
345 1544 437 1595 qui
475 1544 693 1596 paretis
735 1544 971 1583 sumite.’
1041 1543 1310 1596 Exemplum
1348 1544 1480 1585 huius
1518 1544 1744 1586 modorum
1793 1544 2079 1586 confusionis

173 1606 240 1639 est
280 1601 407 1640 tituli
448 1601 493 1639 in
540 1600 808 1640 Mommseni
847 1599 953 1640 IRN
992 1601 1101 1640 5607
1139 1612 1181 1639 U.
1221 1603 1246 1641 5
1287 1600 1396 1641 editi
1436 1605 1574 1653 atque
1616 1601 1826 1643 adnotati
1865 1615 2012 1655 nuper
2050 1615 2077 1641 a

176 1656 463 1696 Buechelero
495 1657 542 1695 in
573 1656 747 1696 anthol.
783 1657 927 1709 epigr.
962 1657 1210 1708 specimine
1242 1657 1262 1696 I
1295 1670 1430 1697 carm.
1453 1657 1661 1698 XXXXI.
1777 1657 1885 1697 XXI
1917 1658 2076 1699 Cicero

171 1714 331 1764 '1¹0pie.
368 1706 440 1761 1¹6,
475 1714 525 1752 61
561 1716 686 1752 ‘cum
720 1718 868 1752 autem
900 1713 987 1753 erit
1018 1711 1128 1752 talis
1161 1725 1322 1764 causa,
1364 1720 1415 1754 ut
1452 1715 1500 1754 in
1533 1727 1588 1754 ea
1621 1727 1710 1754 non
1741 1715 1802 1754 sit
1833 1713 2077 1754 efficiendi

170 1769 451 1820 necessitas,
497 1769 762 1809 necessaria
803 1769 1035 1809 conclusio
1076 1781 1165 1808 non
1206 1771 1411 1822 sequitur
1446 1801 1455 1811 .
1483 1801 1492 1810 .
1518 1801 1526 1809 .
1575 1774 1622 1810 at
1661 1784 1761 1810 cum
1799 1772 1851 1810 in
1882 1769 2077 1811 Aiaffis

169 1837 366 1865 nauem
400 1825 728 1877 crispisulcans
759 1826 787 1866 i.
822 1826 852 1865 f.
885 1826 1104 1865 iniectum
1138 1830 1231 1878 est,
1274 1827 1582 1867 inflammatur
1618 1828 1752 1866 nauis
1783 1827 2078 1868 necessario?

171 1882 228 1920 cf.
261 1883 375 1921 Attii
414 1881 530 1925 Clut.
566 1882 619 1924 fr.
654 1883 690 1922 V
857 1881 990 1922 XXII
1031 1880 1219 1922 Seruius
1259 1881 1524 1927 Centimetr,
1566 1897 1608 1936 p.
1641 1884 1748 1923 1818
1779 1885 1833 1924 P.
1872 1884 1973 1932 (366
2004 1884 2077 1936 G.)

171 1938 531 1978 ‘Archilochium
564 1943 745 1979 constat
776 1939 983 1978 trimetro
1015 1937 1294 1989 acatalecto,
1326 1945 1377 1979 ut
1409 1945 1480 1980 est
1511 1940 1619 1979 hoc:
1652 1939 1872 1980 Martem'
1903 1952 1942 1980 e.
1966 1952 2009 1991 q.
2042 1953 2076 1984 s.

171 1993 425 2033 confictum
458 2007 559 2034 esse
593 2008 619 2033 a
652 1995 813 2035 Seruio
846 1995 1011 2035 statuit
1039 1994 1093 2034 L.
1128 1995 1325 2035 Mueller
1357 1995 1527 2036 annall.
1561 1995 1737 2048 philoll.
1773 1998 1882 2037 1868
1913 2009 1957 2049 p.
1979 1998 2075 2037 432.

281 2051 435 2091 XXIII
469 2052 638 2091 Festus
670 2066 711 2103 p.
745 2053 826 2092 305
858 2052 920 2092 M.
954 2047 1362 2104 ‘supp[remum
1394 2052 1524 2093 modo
1557 2051 1817 2106 significat]
1841 2065 2075 2101 summum,

168 2111 217 2145 ut
260 2105 375 2159 [cum
417 2108 531 2147 dicit
568 2138 721 2148 .....
735 2105 750 2160 ]
793 2120 1085 2160 suppreme
1127 2107 1218 2147 bel
1249 2139 1828 2151 .....................
1858 2113 2075 2162 potens.

169 2163 359 2203 Plautus
399 2185 451 2193 -
492 2164 609 2203 alias
649 2160 921 2217 extre[mum
960 2163 1211 2214 significat,
1253 2163 1322 2218 ut]
1365 2166 1412 2205 in
1453 2166 1632 2218 legibus
1670 2165 1758 2207 XII
1796 2188 1850 2193 -
1888 2165 2075 2206 crimine

167 2225 298 2259 necte
332 2226 409 2259 tuo
440 2251 648 2261 ........
688 2221 744 2260 ab
778 2220 857 2260 illo
890 2220 1073 2273 sepeliri
1106 2221 1180 2260 die
1221 2234 1240 2260 s
1270 2251 1538 2263 ..........
1575 2228 1620 2262 et
1661 2223 1791 2274 quasi
1830 2235 2075 2275 suppremo

166 2275 508 2328 lianguescere]
545 2283 749 2329 tempora
773 2277 934 2317 uoltu.’
982 2277 1116 2317 immo
1149 2281 1381 2330 ‘tempore
1422 2278 1623 2319 uoltus’:
1664 2291 1767 2318 nam
1792 2279 2075 2318 Lucretiana

168 2333 237 2372 ΙΙΙ
270 2335 351 2372 595
384 2346 482 2373 esse
517 2335 692 2373 monuit
723 2333 948 2386 Bergkius
980 2333 1153 2374 annall.
1187 2334 1362 2386 philoll.
1398 2336 1503 2375 1861
1537 2349 1578 2387 p.
1612 2336 1708 2378 635.
1767 2334 1974 2375 Eundem
2004 2348 2076 2375 se·

169 2396 302 2428 cutus
327 2390 581 2429 consultius
604 2390 711 2428 duxi
733 2390 925 2430 frustum
958 2390 1022 2429 ab
1055 2390 1159 2430 illo
1193 2391 1433 2443 sepeliri
1466 2391 1550 2430 die
1581 2388 1923 2444 s[uprem0],
1956 2391 2075 2442 quod

168 2445 273 2484 olim
306 2446 427 2485 inter
458 2445 569 2486 duos
594 2447 798 2486 senarios
822 2446 1141 2487 distribueram
1157 2477 1167 2496 ,
1200 2460 1227 2486 a
1251 2459 1449 2487 scaenae
1473 2447 1678 2499 reliquiis
1698 2447 1947 2490 secludere.
1986 2447 2075 2487 La·

169 2506 326 2541 cerata
358 2503 557 2542 membra
590 2502 744 2542 XXIII
786 2504 1018 2542 senarium
1057 2503 1163 2549 olim
1203 2504 1500 2544 constituisse
1540 2503 1657 2543 uidit
1690 2502 1900 2555 Scaliger

169 2557 314 2596 XXIV
348 2557 509 2598 Cicero
545 2572 614 2610 ep.
654 2558 713 2598 ad
747 2559 965 2609 Quintum
999 2560 1185 2598 fratrem
1218 2560 1261 2600 II
1294 2561 1366 2610 10,
1399 2562 1424 2600 3
1464 2560 1635 2600 ‘multa
1677 2559 1772 2599 dixi
1812 2560 1859 2599 in
1898 2560 2073 2612 ignobi-

170 2613 255 2653 lem
289 2627 458 2666 regem,
500 2615 663 2666 quibus
703 2620 829 2655 totus
861 2620 931 2655 est
965 2615 1198 2667 explosum
1239 2627 1326 2667 quo
1367 2628 1535 2667 genere
1569 2620 1840 2665 commotus,
1879 2622 1930 2656 ut
1961 2616 2071 2666 dixi,

168 2670 344 2722 Appius
376 2675 520 2710 totum
551 2684 620 2710 me
655 2671 960 2722 amplexatum
994 2671 1107 2710 nihil
1140 2675 1210 2711 est
1241 2672 1360 2710 enim
1392 2671 1572 2712 facilius
1605 2685 1738 2725 quam
1770 2672 1949 2725 reliqua
1982 2672 2072 2712 dis-

169 2731 343 2766 cutere.
397 2726 477 2766 sed
510 2739 598 2766 non
632 2727 801 2767 faciam
834 2732 883 2766 ut
914 2727 1042 2767 illum
1073 2727 1322 2778 offendam,
1363 2740 1418 2767 ne
1460 2728 1710 2780 inploret
1746 2759 1756 2769 .
1783 2759 1793 2769 .
1819 2759 1829 2770 .
1867 2742 2074 2769 conuo—

168 2787 277 2832 cet,
319 2796 400 2836 per
430 2796 541 2835 quos
574 2796 746 2823 mecum
780 2785 827 2823 in
859 2784 1054 2836 gratiam
1086 2783 1256 2823 rediit.’
1317 2785 1561 2837 Tragicum
1602 2786 1792 2839 agnouit
1822 2785 2072 2825 Buechele—

166 2851 240 2878 rus
265 2839 392 2881 Coni.
415 2839 541 2883 Latt,
565 2853 606 2892 p.
633 2842 682 2880 17
706 2853 769 2892 sq.
804 2841 1029 2892 huiusque
1061 2841 1228 2880 inscius
1250 2839 1310 2879 M.
1333 2840 1563 2893 Hauptius
1594 2842 1641 2881 in
1663 2842 1862 2881 Hermae
1883 2841 1954 2883 III
1974 2843 2071 2883 338.

171 2895 254 2934 Ille
289 2895 342 2935 de
372 2896 564 2936 Hecuba
597 2897 693 2936 siue
726 2897 780 2936 de
813 2897 1042 2949 Telepho,
1083 2897 1156 2936 hic
1195 2896 1249 2936 de
1281 2897 1492 2938 Menelao
1530 2911 1782 2938 sermonem
1820 2910 1920 2938 esse
1953 2899 2071 2937 ario·

168 2951 301 2995 latur,
427 2952 549 2990 XXV
583 2951 861 2994 Censorinus
901 2953 1062 3005 fragm.
1097 2966 1133 2994 c,
1171 2955 1222 2992 14
1255 2966 1296 3004 p.
1330 2955 1383 2994 95
1414 2953 1543 2994 Iahn.
1576 2952 1704 3007 (2726
1737 2954 1806 3005 Ρ.)
1859 2958 2072 2995 ‘octona-

168 3008 260 3047 rius
292 3009 465 3049 iambus
487 3006 645 3061 [XVI].
701 3010 1016 3062 septenarius:
1059 3009 1223 3050 haec’
1256 3023 1295 3050 e.
1321 3023 1362 3061 q.
1386 3021 1425 3050 s.
1465 3009 1657 3052 Vnicum
1688 3011 1786 3051 fere
1819 3011 2072 3063 septenarii

309 3156 372 3202 38
413 3156 600 3202 Mortem
640 3158 956 3218 Kiesslinyius
1118 3158 1181 3204 39
1229 3172 1468 3218 suppreme
1517 3161 1629 3205 cod.-
1678 3159 1745 3218 cf.
1782 3159 2071 3205 Bitschelius

168 3227 296 3271 Mus.
324 3228 478 3276 Rlzen,
523 3228 615 3273 VII
636 3243 684 3285 p.
716 3227 816 3274 564
926 3235 1052 3288 paler
1091 3236 1222 3289 atque
1263 3243 1486 3291 armorum
1524 3232 1751 3275 lacunam
1792 3232 1954 3288 eoeplet

167 3305 293 3356 paler
318 3312 583 3357 suppreme,
624 3297 725 3342 belli
753 3305 798 3342 ct
823 3312 1045 3343 armorum
1073 3314 1117 3359 p.
1147 3299 1366 3358 Scaliger
1390 3295 1599 3358 supreme
1637 3299 1738 3344 belli
1765 3308 1899 3359 :itque
1925 3313 2068 3345 armo·
2089 3288 2099 3301 s

169 3382 268 3411 rum
307 3367 471 3412 arbiter
511 3384 552 3428 p.
600 3368 649 3413 Ο.
679 3369 885 3414 Mueller
998 3369 1066 3416 40
1090 3383 1156 3428 sq.
1186 3369 1380 3429 inplorat
1413 3404 1423 3415 .
1449 3405 1458 3415 .
1483 3405 1495 3416 .
1532 3376 1752 3414 conuocat
1779 3377 1823 3415 et
1851 3371 2066 3416 Bueche-

165 3440 298 3483 lerus
341 3444 385 3483 et
423 3439 669 3496 Hachlius
822 3439 887 3483 42
928 3439 1168 3484 belliszosus
1210 3439 1378 3484 Carrio
1428 3439 1652 3484 bellicosis
1689 3440 1802 3485 libri
1923 3448 2066 3500 pater,

169 3515 308 3552 mater
337 3507 504 3553 Carrio
544 3517 683 3554 mater
720 3516 847 3568 pater
883 3510 993 3555 libri
1096 3510 1333 3567 bellicosa,
1373 3511 1443 3554 cni
1482 3517 1608 3570 pater
1647 3516 1786 3554 mater
1822 3510 1970 3569 cluet,
2010 3511 2063 3557 M.

170 3581 286 3623 coni.
331 3580 655 3625 Buecheler-us
