2299 3839
1017 316 1068 357 L.
1101 315 1316 355 ATTIVS
2012 314 2116 364 209

1040 445 1168 496 XIX
1212 444 1294 515 (7)

1019 563 1321 615 Philocteta

477 680 618 732 Heu!
661 680 756 750 qus
793 683 945 733 salsis
986 680 1238 733 fluctibus
1280 681 1498 732 mandet

478 776 563 828 Me
606 797 666 829 ex
708 779 936 830 sublimo
980 776 1180 829 uertice
1222 777 1370 829 saxi?

477 873 591 924 lam
626 874 731 925 iam
773 875 1048 926 absumor:
1089 872 1311 927 conficit
1351 874 1584 926 animani

213 972 321 1023 565
585 971 682 1023 Vis
724 972 986 1040 uulneris,
1026 971 1217 1023 ulceris
1259 972 1451 1022 aestus.

1055 1089 1158 1141 XX
1200 1087 1283 1160 (5)

363 1186 471 1237 Sub
513 1186 608 1236 a'xe
649 1185 824 1253 posita
865 1186 931 1236 ad
972 1187 1152 1237 stellas
1195 1189 1419 1254 septeni,
1460 1186 1600 1237 unde
1640 1185 1870 1236 horrifer

361 1281 646 1350 Aquilonis
687 1282 882 1333 stridor
922 1283 1125 1351 gelidas
1166 1283 1384 1334 molitur
1423 1283 1589 1334 niues.

1022 1401 1153 1453 XXI
1195 1399 1315 1471 (18)

360 1497 538 1566 'Agite
580 1517 639 1550 ac
680 1499 875 1550 uulnus
915 1500 982 1550 ne
1009 1501 1281 1550 succusset
1305 1499 1542 1567 gressim,
1583 1501 1734 1549 caute
1760 1498 2127 1568 ingredimini.

212 1661 372 1702 ultimo
419 1674 517 1701 esse
559 1662 856 1715 repetendas,
897 1666 948 1701 ut
988 1692 996 1701 .
1029 1694 1038 1701 .
1074 1693 1082 1700 .
1122 1661 1405 1702 Philocteta:
1446 1662 1578 1701 Pari'
1621 1674 1658 1700 e.
1697 1673 1737 1713 q.
1772 1674 1806 1705 s.
1855 1662 1984 1702 Attio
2027 1675 2124 1702 cum

213 1720 381 1758 ceteris
423 1718 551 1758 dedit
587 1719 879 1759 Hermannus
923 1730 1098 1771 quoque
1245 1718 1351 1758 XIX
1384 1718 1547 1758 Cicero
1590 1718 1727 1758 Tusc.
1759 1719 1875 1770 disp.
1912 1718 1958 1758 II
2002 1721 2040 1770 7,
2076 1721 2125 1758 19

212 1774 335 1826 (uide
367 1776 455 1825 XI)
593 1776 673 1814 XX
707 1777 867 1816 Cicero
900 1776 1034 1818 Tusc.
1070 1775 1186 1827 disp.
1218 1776 1239 1816 I
1271 1776 1346 1825 28,
1380 1776 1433 1815 69
1467 1777 1588 1814 ‘tum
1621 1775 1802 1827 globum
1839 1781 1990 1815 terrae
2032 1806 2041 1815 .
2070 1807 2079 1816 .
2109 1806 2117 1814 .

214 1831 389 1872 duabus
422 1832 512 1872 oris
534 1831 812 1873 distantibus
836 1831 1135 1872 habitabilem
1169 1835 1214 1871 et
1248 1831 1437 1880 cultum,
1473 1844 1660 1884 quarum
1683 1831 1844 1882 altera,
1880 1845 2011 1884 quam
2045 1845 2125 1872 nos

212 1888 478 1940 incolimus,
512 1889 612 1928 sub
648 1892 774 1929 axe'
808 1902 845 1928 e.
868 1903 908 1942 q.
935 1901 968 1928 s.
1019 1888 1172 1928 Verba
1203 1888 1299 1928 sub
1334 1901 1431 1928 axe
1471 1918 1507 1928 ..
1528 1918 1536 1926 .
1567 1892 1775 1940 septem
1807 1889 1975 1940 primus
1999 1888 2126 1927 Attio

214 1945 341 1984 dedit
372 1944 624 1985 Bentleius.
714 1945 865 1985 Schol.
898 1947 1059 1984 Veron.
1094 1945 1141 1984 in
1171 1941 1284 1986 Aen.
1307 1945 1414 1984 VIII
1448 1946 1501 1984 28
1535 1958 1575 1996 p.
1600 1946 1653 1984 99
1678 1944 1794 1987 Keil.
1828 1946 1935 1984 ‘sub
1968 1945 2125 1984 aethe-

213 2002 274 2040 ris
306 2014 413 2052 axe,
447 2002 529 2041 sub
564 2002 649 2044 dio.
701 2003 868 2042 Accius
900 2002 946 2041 in
977 2001 1240 2041 Philocteta
1269 2032 1277 2041 .
1299 2004 1362 2040 ..²
1396 2002 1509 2040 Non.
1541 2002 1645 2050 346,
1683 2003 1733 2041 18
1767 2001 2002 2051 ‘nioliri,
2049 2015 2124 2041 ex-

213 2062 388 2108 truere3
414 2057 583 2097 dictum
606 2072 632 2098 a
654 2058 849 2098 molibus
876 2089 885 2099 .
905 2089 914 2098 .
934 2089 943 2098 .
972 2058 1141 2097 Accius
1162 2057 1415 2097 Filoctete:
1439 2058 1531 2098 ubi
1554 2057 1803 2097 horrifer
1833 2089 1842 2098 .
1862 2089 1870 2096 .
1891 2089 1899 2096 .
1931 2059 2125 2098 niues.’

214 2113 320 2154 Solo
352 2127 487 2153 uersu
520 2116 600 2155 567
633 2115 775 2154 utitur
808 2114 1086 2153 Censorinus
1118 2115 1279 2166 fragm.
1316 2128 1353 2153 c.
1389 2115 1441 2153 14
1471 2127 1514 2166 p.
1550 2115 1603 2153 94
1634 2114 1765 2157 Iahn,
1799 2113 1927 2165 (2726
1958 2115 2008 2157 P.
2042 2117 2124 2154 406

215 2171 267 2210 G.
300 2170 453 2221 6911.)
488 2183 568 2222 pro
600 2171 795 2210 trimetri
826 2171 993 2223 tragici
1017 2171 1248 2222 exemp10‚
1282 2170 1363 2212 sed
1397 2174 1442 2209 et
1472 2175 1638 2222 poetae
1672 2175 1718 2210 et
1742 2170 1930 2211 fabulae
1963 2184 2125 2211 nomen

214 2227 427 2267 reticens.
545 2226 653 2267 XXI
686 2228 799 2267 Non.
831 2228 897 2277 16,
930 2228 983 2267 28
1017 2229 1409 2266 ‘succussare’
1445 2224 1779 2276 (succusare
1813 2228 1993 2278 Bamb.)
2028 2231 2126 2267 ‘est

215 2296 369 2324 susum
401 2283 667 2335 frequenter
700 2288 928 2324 excutere.

213 2492 331 2538 quos
371 2481 608 2524 consuluit
634 2478 835 2523 Latinus
860 2479 1078 2524 Latinius
1104 2477 1198 2538 pari
1226 2477 1377 2537 dispar
1404 2491 1525 2523 esses
1553 2478 1713 2525 Paris.
1754 2494 1783 2523 a
1815 2478 1948 2523 Goth.
1992 2478 2123 2524 Voss.

215 2551 263 2607 b,
313 2552 494 2610 aliquot
533 2550 710 2594 Latinii
753 2548 896 2594 Paridi
944 2551 980 2594 si
1029 2563 1108 2609 par
1154 2561 1277 2594 esses
1323 2548 1490 2594 Bamb.
1538 2549 1698 2594 Ambr.
1747 2550 1772 2593 l>
1830 2549 1957 2594 Iens.
2007 2547 2124 2606 Pari,

216 2620 423 2681 Dyspari,
463 2619 612 2680 dispar
650 2633 772 2665 esses
810 2616 1204 2666 Sclzneicleminas
1238 2619 1409 2665 Plcilol.
1448 2619 1528 2664 IV
1562 2620 1689 2678 656,
1739 2622 1786 2664 in
1825 2621 1995 2679 quibus
2031 2620 2126 2664 Pari

213 2690 396 2751 Dyspari
439 2694 692 2750 praeierat
730 2690 1047 2736 Burmannus
1084 2690 1199 2735 eheu
1237 2704 1275 2736 s.
1317 2691 1390 2735 hei
1428 2691 1500 2736 hei
1549 2690 1672 2749 Pari,
1721 2690 1869 2750 dispar
1917 2691 1952 2734 si
2003 2704 2124 2735 esses

215 2763 526 2807 Hermannus
553 2761 675 2819 Pari,
714 2763 751 2806 si
778 2763 1043 2822 imperasses
1072 2762 1341 2819 Zumptias,
1370 2775 1494 2821 quae
1522 2763 1688 2807 saltem
1714 2767 1863 2806 metro
1889 2764 1958 2805 sic
1985 2767 2125 2805 erant

215 2834 644 2878 accommodanda.-
683 2831 708 2875 ό
745 2832 870 2892 Pari,
918 2834 955 2877 si
994 2831 1070 2876 tihi
1111 2833 1403 2892 imperasses,
1453 2845 1541 2892 ego
1581 2845 1621 2877 e.
1662 2847 1706 2891 q.
1743 2845 1780 2877 s.
1832 2828 2039 2890 (Paridiz)
2087 2832 2122 2875 si

215 2904 506 2964 imperasses,
555 2905 739 2949 nomine
787 2903 931 2949 Paridi
983 2903 1273 2958 Quintiliano
1322 2904 1524 2960 reddite,
1576 2903 1766 2959 Delrio,
1818 2901 2125 2961 Spaldinyias

215 2973 420 3032 (Paridiz)
460 2975 497 3018 si
534 2975 662 3034 inpar
711 2987 833 3019 esses
879 2975 1178 3030 Bonnellius,
1231 2979 1275 3018 et
1304 2974 1486 3032 probat
1522 2974 1743 3019 Halmius
1780 2973 1975 3018 creticis
2014 2986 2123 3017 con-

214 3051 348 3090 stare
387 3057 580 3090 uersum
618 3046 898 3091 decernens.
1035 3043 1134 3090 562
1175 3045 1263 3088 heu
1302 3045 1377 3103 qui
1418 3046 1579 3102 optimi
1613 3044 1745 3101 libri,
1785 3045 1880 3088 nisi
1915 3044 2042 3102 qaod
2076 3044 2123 3087 in

218 3115 337 3160 Gud.
379 3122 600 3160 extrema
638 3112 797 3161 'lineae
839 3122 882 3161 et
921 3117 1053 3161 uocis
1088 3117 1249 3160 littera
1290 3116 1481 3160 uidetur
1520 3127 1665 3159 erasa
1713 3127 1832 3159 esse.
1881 3113 1976 3158 hei!
2024 3114 2122 3172 quis

215 3185 527 3231 Hermannus
565 3187 693 3246 ecqui
728 3187 972 3232 Bentleias
1080 3185 1181 3231 563
1220 3183 1412 3230 sublimo
1453 3186 1621 3230 uertice
1647 3184 1766 3243 Rey.
1793 3200 1852 3229 m.
1885 3184 1910 3228 1
1942 3183 2121 3238 Britan,

228 3257 427 3314 Wolfius
454 3256 483 3301 2
525 3255 684 3301 sublim
725 3259 954 3314 ouerticc,
1001 3269 1146 3301 erasa
1186 3261 1298 3314 post
1335 3269 1376 3299 m
1416 3269 1514 3301 una
1550 3256 1737 3312 littera,
1790 3255 1908 3300 Gud.
1947 3252 2122 3298 sublimi

219 3326 387 3371 uertice
425 3328 543 3386 Req.
570 3342 627 3371 m.
657 3326 710 3384 2,
747 3329 1062 3373 Hermannas
1205 3325 1306 3372 566
1345 3327 1542 3385 positum
1581 3327 1728 3371 schol.
1771 3324 1943 3370 Veron.
2070 3322 2122 3366 ad

216 3396 370 3441 stellas
407 3404 580 3457 septem
620 3413 706 3443 om.
735 3399 882 3444 schol.
928 3398 1096 3443 Veron.
1206 3391 1351 3458 unde]
1392 3395 1467 3440 uhi
1505 3396 1712 3452 Nonius,
1753 3395 2064 3440 Hermannus

219 3465 318 3512 566
347 3481 416 3525 sq.
458 3467 667 3513 horridus
707 3469 940 3528 Aquilonis
976 3469 1120 3513 schol.
1166 3467 1336 3512 Veron.
1377 3465 1572 3511 horrifer
1609 3464 1838 3525 aequisoni
1867 3464 2010 3509 Nonii
2045 3476 2121 3508 eo-

217 3537 347 3582 dices
381 3540 600 3598 plerique
637 3539 784 3583 horris
832 3545 974 3584 terras
1025 3538 1100 3598 qui
1139 3537 1239 3582 soni
1278 3537 1432 3582 Basil.
1468 3537 1610 3582 Nonii
1751 3533 1973 3593 Aquiloni'
2015 3547 2121 3578 eum

219 3606 434 3652 Bentleio
459 3609 797 3654 Lachmannus
822 3612 869 3654 in
896 3611 1043 3656 Lacr.
1071 3607 1104 3651 I
1125 3606 1222 3652 186
1342 3607 1439 3653 567
1469 3601 1660 3666 gelidas]
1701 3639 1853 3651 .....
1895 3618 1940 3648 as
1968 3605 2118 3651 schol.

236 3677 406 3724 Veron.
553 3677 653 3725 568
691 3693 747 3725 ne
785 3677 958 3726 Iunius
995 3692 1078 3723 nec
1113 3678 1226 3723 libri

304 3763 491 3806 erancx,
515 3765 647 3800 Scaen.
673 3766 812 3807 fragm.
1714 3773 1768 3813 14
