2294 3844
181 212 248 262 oe*
976 211 1027 258 o.
1061 206 1282 247 1⁴:NN1vs

1078 335 1179 388 XV

335 480 341 486 .
401 479 407 486 .
467 479 474 485 .
534 479 541 485 .
601 479 607 484 .
668 479 674 485 .
734 478 740 485 .
800 478 806 484 .
866 435 991 498 aigei·
1033 433 1277 500 opplet-us
1320 429 1568 482 imbrium

336 532 563 582 Fremitu

984 625 1112 676 XVI
1155 625 1274 694 r-Ifi‘)

189 727 296 776 345
343 766 748 774 .......
806 728 855 772 et
899 721 1017 790 quis
1058 722 1207 772 illaec
1251 726 1350 775 est.
1392 738 1524 788 quae
1565 719 1778 787 lugubri

331 821 606 871 succincta
652 824 729 869 est
773 818 945 869 stola?
1187 872 1192 873 ⁷

968 920 1125 971 XVII
1168 921 1286 989 (ἴτω)

335 1024 375 1065 ()
417 1022 556 1070 terr-a
601 1019 821 1085 'frixee-a,
865 1018 951 1067 ubi
994 1015 1175 1067 Liberi
1216 1020 1400 1067 fanum
1442 1013 1702 1066 inclutum

335 1115 484 1166 Maro
526 1116 743 1166 locauit!

888 1208 1074 1261 XVIII
1115 1207 1293 1278 (Eum.
1324 1210 1376 1278 1)

334 1308 690 1376 Areopagitae
734 1303 855 1374 quia
901 1305 1088 1356 dedere
1131 1305 1354 1373 aequem
1394 1305 1558 1372 pilam

183 1471 355 1512 Paulus
389 1476 575 1510 ‘tesca
607 1469 709 1510 loca
743 1470 931 1521 augurio
971 1467 1224 1520 designata.
1275 1466 1435 1508 Cicero
1468 1479 1630 1519 aspera
1664 1466 1730 1505 ait
1770 1478 1870 1506 esse
1901 1471 1944 1506 et
1972 1464 2091 1505 diffi-

184 1529 323 1568 eilia.’
381 1527 586 1579 Scaliger
618 1527 733 1565 haee
763 1529 1092 1578 temptauerat:
1136 1523 1335 1577 ‘templa
1374 1522 1559 1576 quidam
1599 1522 1891 1575 explieauere
1924 1534 2088 1575 aspera

185 1584 395 1625 difficilia
426 1583 569 1624 aditu.
619 1582 794 1623 Attius:
827 1581 954 1622 loea’
985 1594 1022 1620 e.
1054 1596 1091 1634 q.
1125 1593 1158 1625 s.
1198 1581 1434 1626 Enniana,
1476 1592 1590 1632 quae
1623 1579 1730 1619 olim
1762 1580 1880 1619 inter
1911 1579 2087 1619 ineerta

180 1643 458 1682 incertarum
491 1639 746 1678 fabularum
783 1637 1038 1689 latuerunt,
1080 1641 1271 1688 possunt
1309 1637 1450 1677 fuisse
1491 1648 1546 1676 ex
1584 1635 1866 1676 Andromeda
2007 1634 2090 1675 XV

184 1697 371 1738 Seruius
393 1698 440 1736 in
461 1697 601 1748 Verg.
627 1696 706 1737 Ge.
731 1695 751 1735 1
776 1696 826 1734 12
860 1699 871 1718 ‘
887 1691 1170 1746 frementem]
1198 1693 1315 1746 quod
1338 1697 1521 1733 ueteres
1543 1704 1770 1732 murmura
1793 1704 1939 1744 aquae
1972 1691 2056 1731 fre
2072 1712 2090 1719 -

182 1755 376 1794 mitum
407 1752 639 1795 dicebant,
688 1752 884 1791 Ennius:
919 1753 1056 1803 ager’
1091 1764 1129 1790 e.
1160 1764 1203 1802 q.
1237 1763 1273 1789 s.
1313 1748 1505 1800 (Extant
1536 1749 1584 1788 in
1611 1748 1860 1799 Leidensi).
1911 1748 1972 1787 Et
2002 1747 2088 1787 hoe

183 1815 229 1850 et
263 1823 459 1863 sequeus
492 1809 544 1848 fr.
575 1809 738 1848 referri
769 1813 919 1861 potest
952 1807 1008 1847 ad
1038 1806 1370 1846 Andromedam
1489 1805 1596 1846 XVI
1625 1804 1740 1845 Non.
1766 1806 1859 1855 198,
1884 1806 1904 1844 1
1939 1804 2090 1844 ‘cuis

186 1872 231 1906 et
265 1867 424 1919 generi
457 1865 677 1905 feminino
712 1865 901 1906 attribui
940 1876 1070 1916 posse
1101 1868 1305 1903 ueterum
1335 1863 1588 1902 auctoritas
1619 1861 1764 1901 uoluit
1792 1891 1803 1902 .
1831 1893 1837 1900 .
1866 1863 1900 1901 .'

185 1923 316 1963 XVII
347 1923 489 1962 Varro
523 1921 577 1960 de
609 1921 637 1961 l.
659 1921 710 1961 L.
732 1921 770 1960 V
803 1923 855 1961 14
885 1920 944 1963 M.
980 1920 1164 1960 ‘loeus
1198 1924 1288 1965 est,
1320 1920 1399 1959 ubi
1428 1919 1630 1958 locatum
1662 1917 1770 1971 quid
1800 1929 1898 1957 esse
1919 1921 2087 1970 potest.

185 1979 245 2018 Vt
276 1992 395 2019 nunc
429 1979 586 2018 dieunt
616 1977 927 2027 conlocatum,
957 1982 1140 2017 ueteres
1172 1976 1217 2016 id
1251 1976 1402 2016 dicere
1433 1974 1594 2015 solitos
1624 1978 1812 2028 apparet
1848 2005 1857 2014 .
1885 2004 1894 2013 .
1920 2005 1930 2013 .
1969 1974 2091 2027 apud

185 2036 403 2075 Ennium:
447 2049 470 2074 o
503 2038 655 2074 terra'
690 2048 726 2077 e.
763 2047 804 2086 q.
838 2047 871 2075 s,
933 2034 1019 2073 His
1048 2032 1262 2085 Eumolpi
1302 2033 1499 2084 patriam
1530 2032 1578 2071 in
1608 2030 1866 2071 Erechtheo
1899 2029 2091 2071 salutari

184 2092 389 2144 potuisse
424 2091 614 2132 conieci.
749 2090 902 2131 XVIII
933 2090 1078 2130 Varro
1111 2089 1163 2129 de
1196 2088 1224 2133 l,
1256 2089 1308 2128 L.
1341 2089 1430 2130 VII
1463 2090 1513 2128 19
1547 2088 1737 2127 ‘Ennii
1774 2118 1782 2126 .
1808 2117 1818 2127 .
1843 2117 1853 2128 .
1891 2086 2092 2140 Areopa-

185 2149 309 2201 gitae
351 2149 406 2188 ab
446 2147 711 2200 Areopago:
751 2148 790 2186 is
830 2146 958 2187 loeus
996 2146 1226 2186 Athenis)
1297 2144 1493 2198 (hermi
1532 2145 1633 2185 Par.
1667 2144 1694 2184 b
1734 2143 1902 2183 Ennii
1945 2144 2088 2184 ceteri

185 2204 325 2257 libri.)
386 2205 454 2244 Ex
485 2203 815 2244 Eumenidibus
848 2206 1025 2255 sumpta
1058 2207 1176 2243 sunt.

330 2368 428 2414 347
472 2377 589 2413 [reea
628 2368 764 2412 Flor.
806 2367 970 2412 Haun.
1002 2366 1115 2410 Pur.
1147 2380 1172 2410 e
1211 2366 1405 2410 Thraeca
1442 2365 1812 2410 Fleckeiseuus:
1849 2365 1915 2423 ef.
1956 2367 2088 2424 quin,-

186 2454 324 2499 quuy.
369 2443 510 2484 artie.
551 2440 607 2482 cle
646 2438 854 2495 orthoyr.
896 2437 999 2481 Lul.
1043 2436 1109 2481 30
1145 2450 1214 2495 sq.
1255 2436 1407 2480 trecha
1447 2430 1580 2480 Go‘tle.
1619 2439 1715 2480 teca
1753 2435 1870 2480 Par.
1911 2451 1939 2480 a
1986 2436 2088 2480 trita

184 2511 300 2554 Par.
345 2511 369 2554 b
409 2509 574 2553 Thr-eea
619 2507 875 2552 Gulielmus
928 2507 1076 2551 Veris.
1118 2505 1233 2552 119
1346 2503 1444 2551 347
1486 2519 1556 2564 sq.
1598 2504 1814 2550 inclutum
1853 2504 1971 2550 Maro
2012 2504 2088 2551 ‘in

185 2583 397 2639 margine
448 2580 742 2636 e.cemplccr1's
783 2577 1128 2635 Spanlcerm'uui
1171 2580 1217 2622 in
1268 2577 1543 2622 bibliotheca
1596 2575 1745 2635 Regia
1788 2575 2092 2621 Bereliuensi

187 2649 458 2695 (asserendi.²
517 2648 582 2706 ef.
626 2648 949 2693 Schneider-us
988 2651 1086 2692 uita
1129 2649 1269 2692 Vurr.
1308 2662 1354 2705 p.
1383 2645 1509 2704 240,
1554 2646 1603 2691 O.
1630 2646 1894 2691 Muellerus
1922 2660 2083 2691 comm.

186 2721 385 2766 addend.
425 2736 472 2777 I)-
517 2718 616 2764 299
655 2720 698 2762 iu
737 2720 900 2762 ciuium
939 2732 1058 2762 maro
1106 2718 1238 2764 Gelli.
1281 2718 1446 2763 Humi.
1492 2719 1536 2762 iu
1586 2717 1750 2761 ciuium
1788 2730 1923 2761 infero
1963 2716 2086 2775 (sic),

188 2806 314 2835 corr.
350 2805 491 2847 muro,
531 2789 654 2834 Med.
685 2795 801 2834 teste
841 2789 1147 2835 Wilmumisio
1187 2790 1229 2833 in
1269 2789 1433 2832 ciuium
1471 2801 1598 2832 muro
1626 2787 1741 2833 Par.
1775 2803 1802 2831 (ι
1842 2788 1886 2832 in
1924 2787 2087 2832 ciuium

188 2876 341 2906 moero
393 2861 528 2905 ‘Pura
582 2862 632 2917 b,
689 2867 735 2903 ul
784 2861 904 2916 uid„
955 2866 999 2904 et
1045 2874 1069 2905 c
1112 2859 1254 2917 fere.9
1308 2858 1357 2902 0.
1398 2858 1464 2903 M.
1511 2857 1756 2915 inclutum,
1806 2873 1890 2903 om.
1941 2870 2088 2914 muro,

191 2932 446 2976 Gulielmius
478 2932 507 2975 I.
536 2933 565 2976 2.
680 2946 704 2974 o
747 2937 860 2974 terra
903 2931 1076 2988 tritam,
1119 2932 1162 2974 in
1201 2930 1325 2974 euius
1365 2942 1518 2973 moero
1557 2927 1700 2973 Liberi
1740 2927 1905 2972 Fanum
1944 2927 2088 2972 loeaui

192 3002 413 3060 Saeuliyer
558 2999 655 3046 348
697 3000 839 3044 locaui
875 3001 986 3045 libri
1128 2999 1226 3045 349
1266 2999 1562 3058 Areopagitae
1590 2999 1689 3058 quia
1719 2997 1881 3043 dedere
1907 3006 2088 3057 aequam

189 3071 322 3130 pilam
363 3074 553 3129 scripsi.
593 3071 886 3129 Areopagitae
926 3070 1030 3129 quid
1070 3069 1208 3130 (quod
1247 3067 1429 3128 Haun.)
1470 3068 1632 3113 dedere
1669 3067 1847 3126 (dehere
1884 3068 2003 3113 Par.
2041 3066 2090 3125 u)

190 3155 319 3200 quam
358 3141 518 3201 pudan]
558 3136 694 3200 (liaeo
721 3141 811 3184 ‹Iuo
837 3142 1074 3185 uocabula
1103 3156 1188 3185 om.
1221 3140 1351 3185 Goth.
1381 3138 1562 3196 Haun.)
1587 3139 1699 3184 libri
1734 3137 2087 3198 Areopagiticam

190 3226 238 3255 ea
268 3211 320 3255 de
347 3225 395 3255 re
424 3217 586 3255 uocant
613 3217 781 3269 petram
812 3210 1029 3269 Sculiyer
1057 3212 1339 3269 Areopagum
1375 3209 1477 3253 inde
1517 3210 1591 3268 qui
1619 3208 1768 3253 dixere
1795 3221 1890 3252 eam
1915 3215 2087 3267 petram

202 3282 394 3326 Vossius
444 3281 739 3340 Areopagitae
785 3281 857 3339 qui
904 3280 1081 3324 edidere
1126 3293 1314 3339 aequom
1363 3279 1506 3338 palam
1552 3279 1752 3324 Belleius
1793 3278 2087 3337 Areopagitae

190 3351 367 3409 quidem
395 3351 557 3396 dedere
595 3364 777 3410 aeqimm
816 3363 1010 3409 pugnam
1044 3350 1092 3393 0.
1121 3350 1387 3395 Muellerus
1418 3356 1461 3394 el
1486 3352 1664 3395 inserto
1703 3349 1742 3393 ei
1773 3352 1887 3404 post
1923 3346 2086 3391 dedere

189 3421 545 3466 Fleckeisenus.
621 3420 753 3480 pilam
781 3420 1064 3478 suffruyium
1095 3426 1189 3465 est:
1217 3419 1282 3478 cf.
1311 3421 1506 3464 Asconii
1530 3434 1713 3478 uryum.
1741 3417 1904 3462 Milon.
1930 3431 1979 3475 p.
2001 3415 2086 3475 40,

193 3491 253 3535 19
299 3490 376 3535 Or.
406 3491 691 3548 Propertius
732 3489 906 3548 V(11')
938 3490 1015 3547 11,
1046 3489 1126 3536 20.
1191 3491 1250 3534 Ec
1282 3493 1610 3547 praecessisse
1648 3490 1776 3533 hunc
1815 3502 1859 3532 u.
1899 3490 1944 3532 in
1986 3487 2084 3531 Eu-

190 3561 447 3605 menidibus
486 3563 576 3617 ipsi
614 3563 776 3605 uersui
815 3560 911 3605 136
953 3563 1146 3604 conieio.
