2294 3844
952 160 1004 210 (ι
1042 158 1258 200 κΝΝινε
2000 158 2061 208 15

854 325 927 404 Q.
1012 319 1374 388 ENNivs

939 474 1298 528 ACHILLES

1040 586 1061 636 l
1107 584 1188 655 (Γ)

722 683 944 735 defende
985 683 1189 749 hostes,
1230 685 1349 733 cum
1390 683 1540 749 potes
1581 679 1877 731 dvffindvrv.

1026 792 1078 843 Π
1122 789 1204 862 (4)

317 935 531 944 .....
574 911 666 959 per
707 908 805 959 ego
847 889 1003 940 deum
1044 889 1299 939 sublimas
1341 888 1546 939 siibiees

312 687 470 737 Seruo
518 686 681 753 ciues,

340 969 367 976 κ

312 988 573 1054 ‘Vmidas7
615 987 753 1037 uude
795 986 963 1038 Oritur
1002 985 1171 1036 imber
1212 985 1389 1036 sonitu
1432 1004 1590 1035 saeuo
1633 987 1684 1033 ct
1725 982 1930 1051 spiritu.

1014 1096 1094 1148 ΙΙΙ
1137 1094 1219 1165 (3)

312 1194 426 1255 Quo
468 1197 608 1244 minc
651 1194 851 1245 incerta
893 1212 947 1244 re
990 1194 1146 1260 aitque
1187 1193 1395 1243 inor-atii
1438 1191 1659 1259 gradum

239 1291 272 1341 ἴ)
312 1289 611 1358 Regredere
653 1290 882 1341 conare?

172 1466 268 1504 eos,
302 1452 379 1504 qui
410 1457 458 1492 ut
490 1465 669 1492 uersum
706 1452 911 1492 facerent
935 1465 1075 1504 saepe
1099 1451 1304 1496 hiabant,
1337 1455 1387 1490 ut
1411 1451 1635 1491 Naeuius:
1669 1463 1749 1490 uos
1772 1450 1873 1503 qui’
1907 1462 1946 1490 e.
1972 1464 2011 1501 q.
2036 1462 2070 1488 s,

168 1513 244 1549 ‘et
277 1509 467 1548 ibidem:
502 1522 634 1560 quam
666 1513 934 1559 numquam’
974 1521 1011 1547 e.
1046 1522 1087 1560 q.
1121 1519 1156 1549 S.

276 1566 396 1604 Eam
431 1568 670 1605 Acmmffls
702 1566 833 1604 immo
866 1566 1068 1604 Acthzs
1109 1565 1131 1604 I
1171 1564 1283 1603 Non.
1315 1565 1411 1612 277,
1445 1565 1494 1602 21
1540 1563 1892 1613 ‘‹lefe11‹lere,
1934 1562 2067 1610 tueri,

163 1621 403 1674 depellere.
466 1622 639 1661 Ennius
682 1621 858 1661 Achille
891 1653 899 1662 .
925 1653 934 1662 .
964 1625 998 1660 .'
1033 1620 1364 1670 (defendere
1405 1619 1690 1659 debellare
1734 1616 1942 1672 [t]ueri
1983 1650 2027 1658 ..
2054 1649 2062 1656 .

163 1679 216 1718 in
248 1677 474 1718 Achille
507 1679 642 1717 Bern.
665 1678 712 1730 b)
803 1678 848 1718 11
880 1679 1049 1718 Festus
1080 1691 1121 1729 p.
1144 1679 1225 1717 305
1248 1678 1305 1716 M.
1342 1677 1599 1715 ‘subices
1631 1677 1804 1714 Ennius
1828 1676 1871 1713 in
1895 1674 2070 1714 Achille

164 1748 241 1787 pro
274 1735 495 1775 subiectis
529 1735 704 1786 posuit,
739 1747 839 1774 cum
872 1734 989 1774 dixit
1020 1734 1188 1774 nubes:
1224 1746 1306 1785 per
1339 1736 1449 1784 ego’
1485 1747 1522 1773 e.
1557 1745 1597 1784 q.
1632 1745 1666 1773 s,
1729 1731 1905 1771 Gellius
1936 1732 1996 1772 IV
2022 1733 2069 1770 17

162 1789 358 1843 (positu,
399 1804 488 1831 non
520 1797 685 1830 natura
718 1791 1085 1844 praepositiones
1118 1792 1179 1830 ob
1214 1791 1308 1830 sub
1343 1803 1438 1829 con
1471 1802 1567 1828 cum
1597 1789 1736 1828 uerbo
1769 1788 1920 1827 iacio
1954 1801 2070 1827 coni-

165 1848 340 1899 positas
380 1847 544 1899 longas
587 1846 698 1898 fieri)
742 1851 1027 1899 ‘congruens
1066 1847 1209 1898 igitur
1250 1849 1341 1895 est,
1384 1850 1432 1884 ut
1473 1845 1699 1885 subices
1741 1846 1902 1896 etiam,
1951 1844 2069 1895 quod

168 1903 353 1955 perinde
386 1907 434 1942 ut
466 1904 621 1943 obices
654 1904 954 1955 compositum
988 1906 1078 1953 est,
1099 1916 1147 1941 ‘u
1178 1902 1314 1941 litera
1345 1902 1472 1941 breui
1505 1901 1596 1940 dici
1628 1905 1845 1953 oporteat.
1896 1901 2071 1939 Ennius

162 1961 208 1999 in
239 1959 494 2012 tragoedia.
530 1972 644 2010 quae
678 1959 875 1999 Achilles
909 1960 1190 2008 inscribitur,
1225 1959 1406 1998 subices
1441 1972 1520 2010 pro
1552 1970 1656 1997 aere
1687 1957 1779 1997 alto
1814 1957 1960 2009 ponit,
1997 1958 2070 2008 qui

169 2015 297 2055 caelo
330 2016 566 2055 subiectus
600 2020 667 2055 est
717 2016 762 2054 in
795 2015 865 2054 his
897 2016 1105 2055 uersibus
1127 2014 1184 2066 [2.
1209 2012 1277 2066 3]:
1311 2014 1548 2066 plerosque
1582 2015 1725 2053 omnis
1749 2018 1901 2052 tamen
1925 2013 2072 2062 legere

163 2072 326 2112 audias
358 2085 385 2111 u
419 2073 553 2111 litera
586 2072 839 2124 producta)
901 2072 1012 2112 Non.
1047 2073 1147 2123 169,
1185 2074 1205 2110 1
1248 2071 1492 2110 ‘subicis
1532 2083 1645 2109 noue
1687 2072 1881 2122 positum
1924 2082 2010 2108 ιιοιι
2045 2083 2069 2107 a

162 2128 446 2175 subiciendo,
482 2128 563 2168 sed
596 2128 856 2168 altitudine.
922 2128 1094 2168 Ennius
1124 2127 1328 2168 Achille:
1361 2141 1441 2180 pei·
1466 2158 1474 2165 .
1494 2158 1530 2167 ..
1561 2127 1736 2166 imber)
1853 2127 1919 2166 111
1954 2125 2068 2167 Non.

164 2187 264 2236 166,
298 2187 350 2225 ‘22
384 2184 736 2237 ‘regrederc‚
772 2198 1002 2226 reuocare.

160 2395 284 2439 libri.
357 2394 678 2440 Dubitauerat
725 2395 782 2439 cle
829 2395 988 2450 hiatu,
1036 2407 1171 2452 quem
1221 2399 1265 2438 et
1306 2393 1358 2437 G.
1401 2392 1714 2436 Ilermannus
1761 2394 1869 2449 epit.
1923 2392 1967 2436 cl.
2009 2405 2066 2433 m.

163 2464 227 2509 35
269 2469 313 2509 et
349 2464 692 2510 Lachmannus
727 2468 774 2509 in
802 2465 945 2509 Lucr.
974 2464 1027 2508 ΙΙΙ
1057 2463 1156 2509 374
1193 2478 1239 2521 p.
1272 2462 1368 2509 162
1410 2463 1760 2518 toleravissent,
1803 2464 1923 2507 idem
1962 2462 2064 2506 Rit-

163 2535 372 2580 schelius
415 2538 510 2580 iam
547 2539 593 2580 in
631 2537 846 2594 proleyy.
891 2535 1023 2580 Trin.
1064 2550 1111 2592 p.
1155 2534 1251 2580 199
1291 2547 1418 2593 sqq.‚
1457 2534 1537 2578 ubi
1573 2532 1688 2576 Graii
1726 2531 1854 2577 uobis
1892 2546 2067 2589 propo-

162 2609 267 2650 suit.
354 2605 606 2651 Saturnios
652 2607 823 2651 haberi
866 2618 1013 2665 posse
1059 2609 1161 2663 ipse
1207 2608 1255 2650 in
1300 2605 1559 2663 proecdosi
1601 2608 1770 2648 monui.
1857 2601 2070 2647 Miratur

161 2677 340 2721 hiatum
380 2676 622 2734 Berylcius
660 2677 805 2735 symb.
845 2679 910 2721 ad
942 2691 1137 2736 yramm.
1177 2676 1283 2720 Lat.
1324 2674 1339 2718 1
1378 2675 1477 2721 110
1593 2673 1778 2717 {lunium
1818 2672 2067 2732 adalgidum

163 2747 520 2792 Klussmannus
559 2744 720 2808 (Jahn.
759 2752 803 2791 et
843 2748 1001 2792 Klotz.
1041 2747 1214 2791 Annal.
1261 2744 1392 2791 1846
1435 2745 1601 2802 Suppl.
1640 2759 1688 2802 p.
1732 2739 1846 2802 135)

306 2819 330 2860 1
373 2831 399 2861 o
440 2817 587 2876 quite
613 2831 741 2861 serua
788 2817 934 2862 Bern.
965 2818 1008 2874 b,
1046 2820 1093 2862 in
1132 2817 1300 2875 quibus
1339 2818 1443 2861 olim
1471 2817 1700 2860 adnotaui
1735 2817 1877 2859 uaria
1914 2816 2068 2858 latere

156 2900 301 2945 posse
329 2889 485 2932 uelut.-
523 2887 711 2947 opitule‚
749 2888 927 2944 acriter,
953 2888 1172 2947 aequiter.
1229 2887 1467 2931 Valctenus
1494 2887 1635 2931 ociter
1660 2888 1869 2942 scripsit.
1911 2884 2067 2928 Possit

162 2960 397 3016 quispiam
437 2960 575 3002 etiam
614 2959 670 3002 cle
712 2957 916 3016 fabulae
962 2961 1146 3001 nomine
1177 2959 1399 3015 pleniore
1447 2959 1683 3015 coyitare,
1733 2969 1771 2999 e.
1814 2970 1856 3000 c.
1897 2953 2066 2998 Achille

163 3029 328 3086 priore,
370 3043 479 3073 nam
519 3029 687 3087 equite,
726 3030 853 3086 quocl
887 3031 1042 3072 statim
1070 3031 1116 3072 in
1145 3033 1340 3072 mentem
1382 3029 1525 3083 uenit,
1566 3027 1704 3070 nihili
1738 3031 1807 3070 est
1821 3046 1833 3074 ;
1872 3023 2065 3082 hospite.

163 3101 245 3156 qui
279 3101 463 3158 leyatos
500 3101 729 3155 excipiat,
772 3101 907 3143 nimis
946 3105 1102 3143 artum
1136 3098 1339 3155 fabulae
1378 3099 1534 3144 orbem
1563 3096 1959 3140 circumscribere
1999 3095 2062 3136 ui-

162 3170 315 3214 detur.
392 3164 604 3230 defende]
646 3168 871 3213 defendite
912 3170 1054 3213 Bern.
1087 3169 1113 3213 b
1223 3168 1251 3212 2
1291 3168 1501 3212 sublimas
1543 3167 1746 3221 Nonius,
1792 3165 1915 3209 Rott.
1963 3163 2062 3207 l'at.

165 3237 301 3283 Gellii
335 3238 548 3283 sublimes
597 3241 761 3298 uul90‚
812 3255 896 3284 om.
937 3240 1112 3284 Festus
1236 3239 1401 3283 subicis
1453 3239 1660 3293 Nonius⁷
1711 3236 1836 3294 quod
1882 3235 2064 3278 notauit

166 3309 510 3354 Lachmannus
548 3311 612 3354 ad
647 3309 792 3354 Lucr.
831 3310 864 3354 I
898 3308 998 3354 744
1143 3309 1173 3354 3
1213 3309 1414 3353 humidas
1451 3309 1562 3352 libri
1666 3305 1766 3349 inde
1805 3305 1978 3348 Festus

163 3391 298 3423 saeuo
338 3384 381 3424 et
420 3380 580 3439 spiritu
606 3380 769 3425 Detrio
808 3393 944 3424 saeuo
983 3380 1146 3438 spiritu
1171 3380 1346 3424 Festus
1384 3392 1492 3422 seuo
1533 3377 1724 3434 strepitu
1763 3375 1890 3418 Rotl.
1929 3373 2066 3417 Gellii

165 3460 297 3492 saeuo
335 3450 525 3509 strepitu
568 3450 669 3495 Vat.
710 3463 845 3494 saeuo
884 3453 930 3495 et
967 3450 1149 3509 spiritus
1188 3451 1340 3494 ceteri
1460 3448 1633 3491 Versus
1671 3450 1800 3488 recle
1836 3445 2064 3500 disposuit

164 3518 502 3564 Lachmannus
539 3521 604 3564 ad
639 3521 782 3565 Lucr.
821 3520 907 3564 III
943 3519 1042 3564 227
1150 3508 1218 3562 ‘4
1259 3513 1451 3578 inorata]
1494 3523 1657 3559 morata
1709 3514 1768 3557 W
