2294 3844
211 279 307 329 193
1000 279 1051 318 L.
1083 278 1298 319 ATTIVS

343 505 443 558 Sed
485 509 663 557 utrum
702 509 943 557 termene
985 505 1184 572 molum,
1225 503 1502 580 souitusne
1544 502 1777 556 inferum

194 604 302 654 480
341 601 585 653 Permisit
625 602 769 653 auris
807 599 948 652 inter
986 601 1189 653 tonitra
1229 602 1282 651 elz
1319 600 1600 652 turbines?

1002 725 1102 778 HE
1110 724 1305 778 CVBA

343 824 508 876 Veter
546 825 781 876 fatorum
820 824 1079 876 Jterminus
1121 822 1194 874 sic
1234 822 1475 874 iusserat.

887 946 1406 1002 NYCTEGRESIA

1076 1045 1105 1097 I
1149 1042 1232 1115 (2)

944 1141 1126 1193 clz'tssis
1169 1141 1300 1192 adit:
1342 1141 1662 1193 occluditur:

344 1238 385 1290 F
392 1239 526 1290 eruit

1063 1311 1117 1363 11
1158 1310 1241 1382 (6)

346 1409 565 1462 Sczindit
606 1428 747 1477 ol‘aS,
788 1410 1016 1460 lziterum
1054 1410 1201 1460 texta
1244 1405 1496 1478 [flamma]
1540 1406 1778 1460 Vulcani
1816 1427 1997 1460 uorax.

199 1558 306 1596 gere
340 1541 472 1595 saxo]
510 1543 693 1595 quidam
726 1555 782 1581 ne
818 1533 1017 1593 ὕστερον
1062 1534 1294 1593 πρότερον
1335 1542 1416 1592 sit,
1460 1541 1572 1581 alios
1604 1545 1801 1591 torrere,
1842 1541 1958 1582 alios
1991 1542 2114 1582 fran-

199 1614 309 1653 gere
343 1601 592 1652 accipiunt,
635 1599 802 1639 Accius
835 1598 1093 1637 Troadibus
1124 1628 1159 1637 ..
1179 1601 1215 1638 .’
1251 1599 1441 1646 (Extant
1474 1598 1520 1636 in
1553 1597 1649 1637 solo
1674 1598 1971 1638 Casscllano:
2003 1598 2109 1638 uide

200 1659 252 1698 G.
288 1657 495 1696 'Philonis
529 1668 679 1708 progr.
713 1655 992 1705 Naumburg.
1029 1669 1068 1693 a.
1104 1654 1229 1702 1856)
1269 1655 1382 1697 Non.
1405 1656 1501 1703 447,
1526 1655 1580 1694 '20
1612 1654 1908 1694 ‘frendere
1941 1655 2112 1695 alicubi

201 1727 300 1753 cum
336 1714 508 1766 gemitu
540 1712 614 1752 uel
644 1711 886 1751 iracundia
916 1713 1129 1751 miserum
1161 1715 1240 1750 aut
1272 1711 1424 1750 minax
1456 1723 1618 1750 sonare
1650 1742 1787 1751 .....
1782 1713 1808 1750 ,λ
1816 1712 1941 1752 ccius
1973 1712 2113 1751 Troa-

203 1770 356 1810 dibus:
397 1783 529 1810 saxo
572 1769 762 1820 fruges
805 1767 1070 1807 f1·endas.’
1225 1767 1271 1806 II
1304 1767 1566 1806 Priscianus
1605 1768 1667 1807 VI
1704 1782 1746 1820 p.
1786 1769 1868 1808 680
1906 1769 1955 1808 P.
2001 1768 2112 1808 ‘hoc

201 1840 339 1868 cornu
372 1839 491 1878 genu
524 1826 711 1874 tonitru,
747 1837 863 1877 quae
896 1829 1048 1864 tamen
1083 1823 1390 1875 antiquissimi
1421 1825 1719 1864 inueniuntur
1750 1826 1796 1863 in
1827 1837 1900 1863 um
1934 1837 2113 1877 quoque

199 1883 481 1937 proferentes
513 1883 559 1922 in
583 1882 739 1922 eodem
763 1893 930 1933 genere
962 1912 1084 1921 .....
1099 1885 1110 1904 ⁷
1145 1879 1368 1930 (Actius
1391 1880 1529 1920 Halb.
1628 1881 1951 1921 troiadibus
1985 1881 2113 1922 Grut,

202 1939 507 1980 droadibus
542 1936 703 1990 Sang.)
820 1937 1087 1978 Addendum
1121 1937 1317 1976 fortasse
1351 1937 1438 1976 inc.
1471 1937 1559 1976 inc.
1594 1937 1689 1977 fab.
1724 1937 1964 1978 XXXVIII

314 1997 510 2036 HECVBA
549 1995 812 2035 Priscianus
854 1994 915 2034 VI
953 2008 995 2046 p.
1028 1996 1108 2034 716
1148 1995 1198 2034 Ρ.
1239 1995 1471 2046 ‘quamuis
1511 1998 1670 2033 ueter
1710 1995 1852 2034 etiam
1899 1993 2115 2046 analogia

204 2054 348 2105 exigit
379 2058 428 2093 ut
468 2054 585 2092 bene
627 2053 687 2092 sit
728 2051 915 2094 dictum,
968 2051 1136 2090 Accius
1168 2051 1214 2090 in
1245 2051 1464 2091 Hecuba:
1498 2055 1630 2090 ueter
1666 2082 1675 2090 .
1703 2083 1711 2091 .
1736 2080 1746 2089 .
1775 2051 1996 2099 iusserat,
2033 2064 2114 2104 pro

199 2108 366 2149 uetus.⁷
426 2109 648 2157 (Actius
687 2108 843 2151 Bamb.
884 2107 1022 2147 Halb.
1065 2108 1256 2147 Attius
1299 2107 1427 2148 Grut.
1547 2105 1752 2148 hecuba
1782 2108 1896 2160 Reg.
1939 2108 2115 2148 ecuba

200 2167 360 2207 Bamb.
403 2165 610 2206 becula
651 2164 790 2216 Sang.
833 2163 962 2206 Grut.
1009 2162 1231 2214 Karolir.)
1291 2162 1589 2215 Comparauit
1632 2164 1976 2204 Heimsoethius
2020 2164 2113 2206 ind.

202 2222 358 2262 scholl.
391 2223 618 2262 Bonnens.
655 2219 810 2273 1866s7
842 2234 882 2273 p.
915 2220 981 2260 XI
1013 2233 1066 2260 ex
1101 2220 1334 2273 Euripidis
1365 2220 1556 2260 Hecuba
1587 2234 1631 2264 u.
1665 2222 1769 2261 584:
1809 2219 1942 2262 θεῶν
1973 2213 2118 2274 ἄναγ-

197 2282 336 2319 καίον
370 2271 478 2319 τόδε
513 2279 638 2327 (nam
672 2279 736 2318 sic
768 2281 898 2317 extat
930 2275 1168 2329 scriptum)

313 2336 642 2375 NYCTEGRESIA
674 2333 1082 2387 (NOECTEGRESIAz
1117 2332 1178 2374 cf.
1212 2334 1268 2373 fr.
1298 2333 1384 2375 III.
1414 2333 1496 2383 VI)
1546 2333 1679 2374 Pauli
1708 2334 1877 2374 Festus
1912 2347 1952 2386 p.
1975 2335 2031 2374 78
2050 2333 2112 2376 Μ.

204 2397 416 2444 ‘egretus
450 2397 496 2431 et
528 2392 746 2444 adgretus
780 2404 835 2430 ex
858 2389 1034 2431 Graeco
1067 2394 1174 2430 sunt
1206 2389 1344 2429 ducta
1376 2403 1402 2428 a
1435 2390 1660 2442 surgendo
1693 2394 1739 2430 et
1761 2389 2115 2442 proficiscendo:

202 2449 321 2488 unde
355 2455 401 2489 et
434 2449 800 2500 nyctegresia
834 2448 965 2500 quasi
997 2447 1360 2498 noctisurgium‚’
1412 2447 1431 2485 I
1465 2447 1575 2489 Non.
1609 2449 1710 2494 503,
1745 2449 1769 2486 2
1802 2447 2004 2486 ‘feruit
2037 2460 2115 2499 pro

207 2505 356 2544 feruet
386 2509 478 2545 ...⁷
527 2505 954 2556 (Nietaegressi
986 2500 1166 2554 Bamb.)
1302 2503 1344 2543 ΙΙ
1378 2503 1489 2542 Non.
1523 2505 1618 2550 227,
1652 2505 1704 2543 27
1747 2507 1966 2544 ‘textus
1997 2515 2114 2543 mas-

205 2561 344 2600 culini
377 2566 448 2600 est
481 2561 678 2613 generiS.
724 2561 885 2600 Neutri
914 2564 1006 2600 ...⁹
1041 2559 1477 2612 (Nyctegresias
1511 2559 1737 2599 scendit
1769 2560 1897 2600 Leid.
1928 2560 2115 2600 mitte·

205 2618 361 2666 gresi
393 2617 651 2657 ascindit
681 2616 839 2656 Vrbin.
873 2616 972 2668 308)

207 2773 424 2811 nocturna
465 2779 570 2809 saxo
611 2764 886 2810 Scriuerius
1055 2763 1232 2808 srendas
1273 2763 1456 2809 Nonius
1496 2763 1672 2822 franges
1713 2763 1916 2809 Seruius

205 2837 305 2882 479
347 2835 426 2880 sed
463 2839 513 2880 in
553 2849 730 2880 rasura
772 2834 863 2893 (pr.
906 2851 964 2879 m.
1005 2850 1097 2880 non
1135 2833 1298 2893 liquet)
1338 2835 1482 2879 Halb.
1638 2841 1788 2878 utrum
1827 2834 2008 2879 dubium
2049 2842 2118 2880 est

209 2916 352 2952 terrac
379 2906 526 2951 Hali).
711 2912 917 2950 terracnc
956 2906 1287 2951 Buechelerus
1328 2912 1470 2949 terrac
1508 2906 1618 2950 libri
1655 2907 1790 2949 terrai
1825 2906 1879 2950 L.
1911 2906 2118 2951 Mueller

207 2980 263 3023 sle
302 2991 355 3022 re
393 2993 450 3022 m.
478 2976 579 3022 442
723 2977 961 3021 sonitusne
998 2972 1142 3021 inserti
1181 2976 1324 3021 Hcclb.
1360 2991 1420 3020 m.
1459 2978 1540 3021 alt.
1591 2976 1686 3034 (pr.
1727 2991 1784 3020 m.
1822 2991 1913 3022 non
1951 2975 2117 3034 liquet)

208 3049 445 3091 souitusnc
493 3044 715 3106 inseruum
759 3045 807 3103 (ζ
852 3061 912 3092 m.
949 3046 1051 3104 alt.)
1097 3047 1239 3092 Rern.
1280 3047 1515 3090 sonitusne
1554 3046 1776 3090 infernum
1820 3047 1892 3104 fr.
1933 3046 2112 3092 Amien.

211 3118 354 3176 Sanq.
401 3118 531 3162 Vincl.
571 3119 596 3161 b
643 3118 819 3161 sonitus
867 3119 977 3162 nerii
1027 3117 1195 3162 serrum
1246 3118 1380 3162 Grut.
1430 3117 1664 3161 sonitusuc
1709 3116 1903 3162 inferum
1948 3116 2114 3162 Deli-io

352 3187 453 3232 480
489 3184 658 3247 ῇυθεείῑ
695 3188 838 3246 Sicily.
880 3189 1103 3246 persuasit
1140 3188 1310 3232 Bamb.
1347 3187 1481 3232 ἂναὶ.
1523 3187 1674 3232 Ber-n.
1707 3187 1778 3244 fr.
1808 3188 1986 3232 Amien.
2013 3187 2115 3232 Ka-

211 3288 345 3331 rolir.
483 3285 599 3329 auris
636 3287 683 3330 in
719 3301 806 3344 my.
838 3285 973 3331 Grac.
1014 3262 1143 3332 aures
1175 3288 1293 3346 Req.
1427 3288 1470 3330 iu
1500 3286 1632 3332 Grut.
1752 3285 1931 3330 tonitr*
1968 3283 2114 3342 (eras.

211 3372 238 3400 a
278 3362 329 3400 ut
368 3355 481 3413 uid.)
521 3357 667 3402 Halb.
711 3357 900 3401 tonit**
936 3356 1105 3402 Brcmb.
1148 3359 1344 3402 tonitrua
1386 3358 1554 3402 Bamb.
1593 3371 1650 3400 m.
1691 3354 1719 3399 2
1761 3355 1929 3399 tonitru
1969 3355 2112 3401 Halb.

212 3443 269 3471 m.
299 3426 328 3469 2
441 3425 631 3471 turbinis
671 3426 784 3486 Req.
823 3426 1037 3471 Karolir.
1083 3427 1296 3472 turbincis
1336 3428 1402 3472 M.
1431 3427 1664 3473 Hertzius
1806 3424 1903 3470 481
1948 3425 2117 3470 inserat

215 3498 349 3542 Grzlt.
378 3511 434 3540 m.
466 3498 492 3541 1
521 3498 735 3543 Karalir.
882 3495 982 3542 482
1023 3497 1343 3542 aditocluditur
1379 3500 1490 3543 libri
1532 3499 1753 3555 plerique
1799 3494 1889 3539 adit
1927 3495 2118 3540 cluditur

214 3568 342 3612 Leicl.
381 3566 510 3622 addid
549 3567 739 3613 cluditur
765 3568 934 3612 Bccmb.
976 3567 1066 3612 adit
1104 3567 1328 3613 clauditur
1356 3569 1528 3613 Aldina
1567 3566 1712 3611 aditus
1742 3565 1965 3610 clauditur
2004 3565 2116 3612 Vos-

214 3640 311 3681 sius
337 3637 445 3682 adeo
474 3637 725 3682 occluditur
751 3638 970 3683 Botlzius.
1001 3639 1072 3682 An
1099 3638 1219 3682 aditu
1248 3637 1528 3683 occluditur?
1651 3635 1753 3682 484
1793 3635 1965 3681 scandit
1995 3634 2115 3681 Can·
