<?xml version="1.0" encoding="UTF-8"?>
<!DOCTYPE html PUBLIC "-//W3C//DTD XHTML 1.0 Transitional//EN"
    "http://www.w3.org/TR/xhtml1/DTD/xhtml1-transitional.dtd">
<html xmlns="http://www.w3.org/1999/xhtml" xml:lang="en" lang="en">
 <head>
  <title>
</title>
<meta http-equiv="Content-Type" content="text/html;charset=utf-8" />
  <meta name='ocr-system' content='tesseract 3.04.00' />
  <meta name='ocr-capabilities' content='ocr_page ocr_carea ocr_par ocr_line ocrx_word'/>
</head>
<body>
  <div class='ocr_page' id='page_1' title='image "./scaenicaeromano01ribbuoft_0178.png"; bbox 0 0 2294 3844; ppageno 0'>
   <div class='ocr_carea' id='block_1_1' title="bbox 197 190 1324 243">
    <p class='ocr_par' dir='ltr' id='par_1_1' title="bbox 197 190 1324 243">
     <span class='ocr_line' id='line_1_1' title="bbox 197 190 1324 243; baseline 0.006 -20"><span class='ocrx_word' id='word_1_1' title='bbox 197 193 265 243; x_wconf 73' lang='lat'>34</span> <span class='ocrx_word' id='word_1_2' title='bbox 938 192 995 229; x_wconf 88' lang='lat' dir='ltr'>M.</span> <span class='ocrx_word' id='word_1_3' title='bbox 1029 190 1324 231; x_wconf 87' lang='lat' dir='ltr'>PACVVIVS</span> 
     </span>
    </p>
   </div>
   <div class='ocr_carea' id='block_1_2' title="bbox 232 317 2098 1143">
    <p class='ocr_par' dir='ltr' id='par_1_2' title="bbox 1043 317 1245 388">
     <span class='ocr_line' id='line_1_2' title="bbox 1043 317 1245 388; baseline -0.005 -18"><span class='ocrx_word' id='word_1_4' title='bbox 1043 319 1120 370; x_wconf 83' lang='lat' dir='ltr'>IX</span> <span class='ocrx_word' id='word_1_5' title='bbox 1163 317 1245 388; x_wconf 84' lang='lat'>(9)</span> 
     </span>
    </p>

    <p class='ocr_par' dir='ltr' id='par_1_3' title="bbox 236 430 2098 499">
     <span class='ocr_line' id='line_1_3' title="bbox 236 430 2098 499; baseline -0.002 -16"><span class='ocrx_word' id='word_1_6' title='bbox 236 434 304 483; x_wconf 69' lang='lat'>55</span> <span class='ocrx_word' id='word_1_7' title='bbox 344 431 575 482; x_wconf 75' lang='lat' dir='ltr'>Mortem</span> <span class='ocrx_word' id='word_1_8' title='bbox 617 434 912 499; x_wconf 74' lang='lat' dir='ltr'>ostent-ant,</span> <span class='ocrx_word' id='word_1_9' title='bbox 955 433 1121 498; x_wconf 44' lang='lat' dir='ltr'>&amp;gno</span> <span class='ocrx_word' id='word_1_10' title='bbox 1165 430 1451 497; x_wconf 76' lang='lat' dir='ltr'>expellunt,</span> <span class='ocrx_word' id='word_1_11' title='bbox 1491 430 1946 499; x_wconf 76' lang='lat' dir='ltr'>consanguineam</span> <span class='ocrx_word' id='word_1_12' title='bbox 1986 447 2098 481; x_wconf 83' lang='lat' dir='ltr'>esse</span> 
     </span>
    </p>

    <p class='ocr_par' dir='ltr' id='par_1_4' title="bbox 1404 525 1670 577">
     <span class='ocr_line' id='line_1_4' title="bbox 1404 525 1670 577; baseline 0.004 -1"><span class='ocrx_word' id='word_1_13' title='bbox 1404 525 1670 577; x_wconf 68' lang='lat' dir='ltr'>abdicant.</span> 
     </span>
    </p>

    <p class='ocr_par' dir='ltr' id='par_1_5' title="bbox 233 706 2096 920">
     <span class='ocr_line' id='line_1_5' title="bbox 233 706 2096 822; baseline -0.002 -35"><span class='ocrx_word' id='word_1_14' title='bbox 233 706 301 822; x_wconf 45' lang='lat'>-3‘7&#39;</span> <span class='ocrx_word' id='word_1_15' title='bbox 344 735 539 803; x_wconf 64' lang='lat' dir='ltr'>Te‘giae</span> <span class='ocrx_word' id='word_1_16' title='bbox 581 753 720 785; x_wconf 80' lang='lat' dir='ltr'>nunc</span> <span class='ocrx_word' id='word_1_17' title='bbox 755 734 1040 785; x_wconf 70' lang='lat' dir='ltr'>nemoralis</span> <span class='ocrx_word' id='word_1_18' title='bbox 1082 751 1307 801; x_wconf 75' lang='lat' dir='ltr'>regnum</span> <span class='ocrx_word' id='word_1_19' title='bbox 1344 732 1548 800; x_wconf 80' lang='lat' dir='ltr'>potitur</span> <span class='ocrx_word' id='word_1_20' title='bbox 1572 733 1889 784; x_wconf 72' lang='lat' dir='ltr'>transmissu</span> <span class='ocrx_word' id='word_1_21' title='bbox 1913 733 2096 801; x_wconf 83' lang='lat' dir='ltr'>patris.</span> 
     </span>
     <span class='ocr_line' id='line_1_6' title="bbox 1020 849 1260 920; baseline 0 -18"><span class='ocrx_word' id='word_1_22' title='bbox 1020 851 1097 902; x_wconf 83' lang='lat' dir='ltr'>XI</span> <span class='ocrx_word' id='word_1_23' title='bbox 1141 849 1260 920; x_wconf 78' lang='lat'>(18)</span> 
     </span>
    </p>

    <p class='ocr_par' dir='ltr' id='par_1_6' title="bbox 234 928 298 956">
     <span class='ocr_line' id='line_1_7' title="bbox 234 928 298 956; baseline -0.016 -9"><span class='ocrx_word' id='word_1_24' title='bbox 234 928 255 956; x_wconf 58' lang='grc' dir='ltr'><em>Γ</em></span> <span class='ocrx_word' id='word_1_25' title='bbox 284 928 298 946; x_wconf 56' lang='grc' dir='ltr'><strong>Ἰ</strong></span> 
     </span>
    </p>

    <p class='ocr_par' dir='ltr' id='par_1_7' title="bbox 232 936 1781 1143">
     <span class='ocr_line' id='line_1_8' title="bbox 232 936 1781 1049; baseline -0.004 -31"><span class='ocrx_word' id='word_1_26' title='bbox 232 936 300 1049; x_wconf 46' lang='grc' dir='ltr'>ζῇ</span> <span class='ocrx_word' id='word_1_27' title='bbox 344 964 480 1024; x_wconf 80' lang='lat' dir='ltr'>Quid</span> <span class='ocrx_word' id='word_1_28' title='bbox 521 965 655 1015; x_wconf 73' lang='lat' dir='ltr'>istuc</span> <span class='ocrx_word' id='word_1_29' title='bbox 698 963 814 1015; x_wconf 73' lang='lat' dir='ltr'>est?</span> <span class='ocrx_word' id='word_1_30' title='bbox 854 964 1063 1014; x_wconf 85' lang='lat' dir='ltr'>uultum</span> <span class='ocrx_word' id='word_1_31' title='bbox 1105 964 1239 1030; x_wconf 63' lang='lat' dir='ltr'>quae&lt;</span> <span class='ocrx_word' id='word_1_32' title='bbox 1280 962 1477 1031; x_wconf 75' lang='lat' dir='ltr'>caligat</span> <span class='ocrx_word' id='word_1_33' title='bbox 1515 959 1781 1013; x_wconf 78' lang='lat' dir='ltr'>tristitas‘?</span> 
     </span>
     <span class='ocr_line' id='line_1_9' title="bbox 1011 1071 1278 1143; baseline -0.004 -19"><span class='ocrx_word' id='word_1_34' title='bbox 1011 1072 1117 1124; x_wconf 87' lang='lat' dir='ltr'>XII</span> <span class='ocrx_word' id='word_1_35' title='bbox 1159 1071 1278 1143; x_wconf 77' lang='lat'>(15)</span> 
     </span>
    </p>
   </div>
   <div class='ocr_carea' id='block_1_3' title="bbox 230 1168 2096 1877">
    <p class='ocr_par' dir='ltr' id='par_1_8' title="bbox 230 1168 2096 1877">
     <span class='ocr_line' id='line_1_10' title="bbox 230 1168 1912 1238; baseline -0.001 -17"><span class='ocrx_word' id='word_1_36' title='bbox 230 1172 300 1221; x_wconf 58' lang='lat'>(50</span> <span class='ocrx_word' id='word_1_37' title='bbox 342 1170 486 1230; x_wconf 74' lang='lat' dir='ltr'>Quae</span> <span class='ocrx_word' id='word_1_38' title='bbox 528 1170 805 1238; x_wconf 69' lang='lat' dir='ltr'>a6g1·itu(lo</span> <span class='ocrx_word' id='word_1_39' title='bbox 846 1168 1084 1221; x_wconf 78' lang='lat' dir='ltr'>insolens</span> <span class='ocrx_word' id='word_1_40' title='bbox 1126 1171 1360 1220; x_wconf 61' lang='lat' dir='ltr'>montem</span> <span class='ocrx_word' id='word_1_41' title='bbox 1402 1171 1689 1237; x_wconf 75' lang='lat' dir='ltr'>attemptat</span> <span class='ocrx_word' id='word_1_42' title='bbox 1726 1169 1912 1220; x_wconf 74' lang='lat' dir='ltr'>tuam?</span> 
     </span>
     <span class='ocr_line' id='line_1_11' title="bbox 1011 1278 1270 1350; baseline 0 -19"><span class='ocrx_word' id='word_1_43' title='bbox 1011 1279 1147 1331; x_wconf 83' lang='lat' dir='ltr'>XIII</span> <span class='ocrx_word' id='word_1_44' title='bbox 1188 1278 1270 1350; x_wconf 77' lang='lat'>(7)</span> 
     </span>
     <span class='ocr_line' id='line_1_12' title="bbox 322 1389 2096 1461; baseline 0 -18"><span class='ocrx_word' id='word_1_45' title='bbox 322 1391 532 1449; x_wconf 63' lang='lat' dir='ltr'>,Habeo</span> <span class='ocrx_word' id='word_1_46' title='bbox 562 1409 661 1460; x_wconf 76' lang='lat' dir='ltr'>ego</span> <span class='ocrx_word' id='word_1_47' title='bbox 687 1392 846 1442; x_wconf 84' lang='lat' dir='ltr'>istam</span> <span class='ocrx_word' id='word_1_48' title='bbox 873 1389 967 1459; x_wconf 75' lang='lat' dir='ltr'>qui</span> <span class='ocrx_word' id='word_1_49' title='bbox 997 1391 1326 1460; x_wconf 76' lang='lat' dir='ltr'>distinguam</span> <span class='ocrx_word' id='word_1_50' title='bbox 1350 1392 1490 1443; x_wconf 82' lang='lat' dir='ltr'>inte&#39;r</span> <span class='ocrx_word' id='word_1_51' title='bbox 1515 1411 1612 1443; x_wconf 88' lang='lat' dir='ltr'>uos</span> <span class='ocrx_word' id='word_1_52' title='bbox 1638 1391 2096 1461; x_wconf 79' lang='lat' dir='ltr'>geminitiidinem.</span> 
     </span>
     <span class='ocr_line' id='line_1_13' title="bbox 993 1501 1287 1572; baseline 0 -19"><span class='ocrx_word' id='word_1_53' title='bbox 993 1502 1125 1554; x_wconf 86' lang='lat' dir='ltr'>XIV</span> <span class='ocrx_word' id='word_1_54' title='bbox 1168 1501 1287 1572; x_wconf 76' lang='lat'>(21)</span> 
     </span>
     <span class='ocr_line' id='line_1_14' title="bbox 343 1613 1964 1682; baseline 0.001 -17"><span class='ocrx_word' id='word_1_55' title='bbox 343 1658 350 1665; x_wconf 98' lang='lat'>.</span> <span class='ocrx_word' id='word_1_56' title='bbox 393 1657 402 1665; x_wconf 89' lang='lat'>.</span> <span class='ocrx_word' id='word_1_57' title='bbox 446 1657 454 1665; x_wconf 92' lang='lat'>.</span> <span class='ocrx_word' id='word_1_58' title='bbox 497 1657 505 1664; x_wconf 93' lang='lat'>.</span> <span class='ocrx_word' id='word_1_59' title='bbox 547 1613 592 1665; x_wconf 77' lang='lat' dir='ltr'>is</span> <span class='ocrx_word' id='word_1_60' title='bbox 632 1618 932 1666; x_wconf 75' lang='lat' dir='ltr'>uestrorum</span> <span class='ocrx_word' id='word_1_61' title='bbox 973 1616 1090 1665; x_wconf 58' lang='lat' dir='ltr'>utor</span> <span class='ocrx_word' id='word_1_62' title='bbox 1131 1614 1220 1682; x_wconf 75' lang='lat' dir='ltr'>sit,</span> <span class='ocrx_word' id='word_1_63' title='bbox 1261 1614 1344 1664; x_wconf 81' lang='lat' dir='ltr'>eui</span> <span class='ocrx_word' id='word_1_64' title='bbox 1385 1614 1599 1682; x_wconf 71' lang='lat' dir='ltr'>signum</span> <span class='ocrx_word' id='word_1_65' title='bbox 1639 1614 1822 1665; x_wconf 88' lang='lat' dir='ltr'>datum</span> <span class='ocrx_word' id='word_1_66' title='bbox 1862 1617 1964 1682; x_wconf 80' lang='lat' dir='ltr'>est,</span> 
     </span>
     <span class='ocr_line' id='line_1_15' title="bbox 340 1708 999 1762; baseline -0.002 -1"><span class='ocrx_word' id='word_1_67' title='bbox 340 1708 505 1762; x_wconf 60' lang='lat' dir='ltr'>Cotto.</span> <span class='ocrx_word' id='word_1_68' title='bbox 996 1756 999 1760; x_wconf 79' lang='grc'><em>.</em></span> 
     </span>
     <span class='ocr_line' id='line_1_16' title="bbox 1031 1804 1259 1877; baseline 0 -19"><span class='ocrx_word' id='word_1_69' title='bbox 1031 1806 1134 1859; x_wconf 84' lang='lat' dir='ltr'>XV</span> <span class='ocrx_word' id='word_1_70' title='bbox 1177 1804 1259 1877; x_wconf 82' lang='lat'>(6)</span> 
     </span>
    </p>
   </div>
   <div class='ocr_carea' id='block_1_4' title="bbox 339 1910 1829 1979">
    <p class='ocr_par' dir='ltr' id='par_1_9' title="bbox 339 1910 1829 1979">
     <span class='ocr_line' id='line_1_17' title="bbox 339 1910 1829 1979; baseline -0.003 -16"><span class='ocrx_word' id='word_1_71' title='bbox 339 1910 666 1978; x_wconf 56' lang='lat' dir='ltr'>Suspeffnsum</span> <span class='ocrx_word' id='word_1_72' title='bbox 706 1911 762 1961; x_wconf 84' lang='lat' dir='ltr'>in</span> <span class='ocrx_word' id='word_1_73' title='bbox 802 1912 956 1962; x_wconf 82' lang='lat' dir='ltr'>laeuo</span> <span class='ocrx_word' id='word_1_74' title='bbox 996 1911 1246 1963; x_wconf 75' lang='lat' dir='ltr'>bracchio</span> <span class='ocrx_word' id='word_1_75' title='bbox 1289 1911 1512 1962; x_wconf 77' lang='lat' dir='ltr'>ostendo</span> <span class='ocrx_word' id='word_1_76' title='bbox 1553 1910 1829 1979; x_wconf 73' lang='lat' dir='ltr'>ungulum.</span> 
     </span>
    </p>
   </div>
   <div class='ocr_carea' id='block_1_5' title="bbox 190 2085 2098 2635">
    <p class='ocr_par' dir='ltr' id='par_1_10' title="bbox 192 2085 2097 2197">
     <span class='ocr_line' id='line_1_18' title="bbox 311 2085 2097 2140; baseline -0.002 -12"><span class='ocrx_word' id='word_1_77' title='bbox 311 2088 373 2128; x_wconf 89' lang='lat' dir='ltr'>IX</span> <span class='ocrx_word' id='word_1_78' title='bbox 405 2089 520 2130; x_wconf 87' lang='lat' dir='ltr'>Non.</span> <span class='ocrx_word' id='word_1_79' title='bbox 543 2090 639 2137; x_wconf 81' lang='lat'>450,</span> <span class='ocrx_word' id='word_1_80' title='bbox 674 2091 727 2129; x_wconf 84' lang='lat'>30</span> <span class='ocrx_word' id='word_1_81' title='bbox 760 2088 1054 2128; x_wconf 75' lang='lat' dir='ltr'>‘abdicare</span> <span class='ocrx_word' id='word_1_82' title='bbox 1087 2101 1177 2127; x_wconf 87' lang='lat' dir='ltr'>non</span> <span class='ocrx_word' id='word_1_83' title='bbox 1208 2088 1352 2128; x_wconf 88' lang='lat' dir='ltr'>solum</span> <span class='ocrx_word' id='word_1_84' title='bbox 1386 2088 1440 2128; x_wconf 84' lang='lat' dir='ltr'>de</span> <span class='ocrx_word' id='word_1_85' title='bbox 1473 2088 1616 2140; x_wconf 87' lang='lat' dir='ltr'>patris</span> <span class='ocrx_word' id='word_1_86' title='bbox 1650 2087 1775 2127; x_wconf 84' lang='lat' dir='ltr'>facto</span> <span class='ocrx_word' id='word_1_87' title='bbox 1807 2089 1959 2138; x_wconf 83' lang='lat' dir='ltr'>potest</span> <span class='ocrx_word' id='word_1_88' title='bbox 1989 2085 2097 2132; x_wconf 84' lang='lat' dir='ltr'>dici,</span> 
     </span>
     <span class='ocr_line' id='line_1_19' title="bbox 192 2142 2094 2197; baseline -0.001 -14"><span class='ocrx_word' id='word_1_89' title='bbox 192 2144 308 2196; x_wconf 88' lang='lat' dir='ltr'>quod</span> <span class='ocrx_word' id='word_1_90' title='bbox 344 2149 414 2184; x_wconf 83' lang='lat' dir='ltr'>est</span> <span class='ocrx_word' id='word_1_91' title='bbox 447 2145 621 2184; x_wconf 88' lang='lat' dir='ltr'>familia</span> <span class='ocrx_word' id='word_1_92' title='bbox 654 2145 857 2197; x_wconf 80' lang='lat' dir='ltr'>abicere,</span> <span class='ocrx_word' id='word_1_93' title='bbox 900 2145 979 2185; x_wconf 87' lang='lat' dir='ltr'>sed</span> <span class='ocrx_word' id='word_1_94' title='bbox 1011 2157 1103 2183; x_wconf 87' lang='lat' dir='ltr'>rem</span> <span class='ocrx_word' id='word_1_95' title='bbox 1135 2145 1386 2197; x_wconf 80' lang='lat' dir='ltr'>quamlibet</span> <span class='ocrx_word' id='word_1_96' title='bbox 1415 2157 1599 2197; x_wconf 79' lang='lat' dir='ltr'>negare.</span> <span class='ocrx_word' id='word_1_97' title='bbox 1633 2144 1682 2185; x_wconf 94' lang='lat' dir='ltr'>P.</span> <span class='ocrx_word' id='word_1_98' title='bbox 1720 2142 1972 2182; x_wconf 84' lang='lat' dir='ltr'>Athalanta</span> <span class='ocrx_word' id='word_1_99' title='bbox 2002 2173 2010 2180; x_wconf 91' lang='lat'>.</span> <span class='ocrx_word' id='word_1_100' title='bbox 2031 2145 2094 2182; x_wconf 79' lang='lat'>..⁷</span> 
     </span>
    </p>

    <p class='ocr_par' dir='ltr' id='par_1_11' title="bbox 190 2198 2098 2635">
     <span class='ocr_line' id='line_1_20' title="bbox 312 2198 2098 2254; baseline -0.001 -15"><span class='ocrx_word' id='word_1_101' title='bbox 312 2201 351 2239; x_wconf 82' lang='lat' dir='ltr'>X</span> <span class='ocrx_word' id='word_1_102' title='bbox 382 2202 498 2240; x_wconf 90' lang='lat' dir='ltr'>Non.</span> <span class='ocrx_word' id='word_1_103' title='bbox 530 2203 627 2251; x_wconf 80' lang='lat'>481,</span> <span class='ocrx_word' id='word_1_104' title='bbox 651 2205 700 2241; x_wconf 89' lang='lat'>31</span> <span class='ocrx_word' id='word_1_105' title='bbox 737 2202 951 2254; x_wconf 78' lang='lat' dir='ltr'>‘potior</span> <span class='ocrx_word' id='word_1_106' title='bbox 981 2201 1107 2240; x_wconf 83' lang='lat' dir='ltr'>illam</span> <span class='ocrx_word' id='word_1_107' title='bbox 1138 2213 1232 2240; x_wconf 86' lang='lat' dir='ltr'>rem</span> <span class='ocrx_word' id='word_1_108' title='bbox 1262 2214 1362 2253; x_wconf 91' lang='lat' dir='ltr'>pro:</span> <span class='ocrx_word' id='word_1_109' title='bbox 1395 2200 1474 2240; x_wconf 87' lang='lat' dir='ltr'>illa</span> <span class='ocrx_word' id='word_1_110' title='bbox 1505 2214 1553 2240; x_wconf 87' lang='lat' dir='ltr'>re</span> <span class='ocrx_word' id='word_1_111' title='bbox 1586 2200 1736 2252; x_wconf 83' lang='lat' dir='ltr'>potior</span> <span class='ocrx_word' id='word_1_112' title='bbox 1763 2230 1773 2239; x_wconf 94' lang='lat'>.</span> <span class='ocrx_word' id='word_1_113' title='bbox 1793 2230 1801 2237; x_wconf 88' lang='lat'>.</span> <span class='ocrx_word' id='word_1_114' title='bbox 1821 2230 1829 2237; x_wconf 95' lang='lat'>.</span> <span class='ocrx_word' id='word_1_115' title='bbox 1849 2229 1857 2237; x_wconf 94' lang='lat'>.</span> <span class='ocrx_word' id='word_1_116' title='bbox 1886 2198 1935 2237; x_wconf 86' lang='lat' dir='ltr'>P.</span> <span class='ocrx_word' id='word_1_117' title='bbox 1958 2199 2098 2238; x_wconf 86' lang='lat' dir='ltr'>Atha·</span> 
     </span>
     <span class='ocr_line' id='line_1_21' title="bbox 192 2253 2096 2309; baseline -0.001 -14"><span class='ocrx_word' id='word_1_118' title='bbox 192 2257 317 2296; x_wconf 82' lang='lat' dir='ltr'>lanta</span> <span class='ocrx_word' id='word_1_119' title='bbox 349 2261 439 2297; x_wconf 89' lang='lat'><strong>...⁷</strong></span> <span class='ocrx_word' id='word_1_120' title='bbox 557 2257 621 2298; x_wconf 91' lang='lat' dir='ltr'>XI</span> <span class='ocrx_word' id='word_1_121' title='bbox 653 2259 768 2299; x_wconf 83' lang='lat' dir='ltr'>Non.</span> <span class='ocrx_word' id='word_1_122' title='bbox 804 2260 907 2309; x_wconf 81' lang='lat'>182,</span> <span class='ocrx_word' id='word_1_123' title='bbox 942 2260 961 2296; x_wconf 92' lang='lat'>1</span> <span class='ocrx_word' id='word_1_124' title='bbox 997 2258 1331 2298; x_wconf 79' lang='lat' dir='ltr'>‘tristities’</span> <span class='ocrx_word' id='word_1_125' title='bbox 1365 2257 1679 2307; x_wconf 83' lang='lat' dir='ltr'>(tristitias</span> <span class='ocrx_word' id='word_1_126' title='bbox 1709 2253 1834 2308; x_wconf 86' lang='lat' dir='ltr'>libri)</span> <span class='ocrx_word' id='word_1_127' title='bbox 1877 2258 1985 2306; x_wconf 79' lang='lat' dir='ltr'>‘pro</span> <span class='ocrx_word' id='word_1_128' title='bbox 2016 2256 2096 2294; x_wconf 89' lang='lat' dir='ltr'>tri-</span> 
     </span>
     <span class='ocr_line' id='line_1_22' title="bbox 195 2310 2096 2365; baseline 0 -13"><span class='ocrx_word' id='word_1_129' title='bbox 195 2315 338 2353; x_wconf 84' lang='lat' dir='ltr'>stitia.</span> <span class='ocrx_word' id='word_1_130' title='bbox 392 2314 625 2354; x_wconf 85' lang='lat' dir='ltr'>Pacuuius</span> <span class='ocrx_word' id='word_1_131' title='bbox 655 2314 878 2353; x_wconf 80' lang='lat' dir='ltr'>Atalanta</span> <span class='ocrx_word' id='word_1_132' title='bbox 914 2345 924 2354; x_wconf 91' lang='lat'>.</span> <span class='ocrx_word' id='word_1_133' title='bbox 950 2345 959 2354; x_wconf 89' lang='lat'>.</span> <span class='ocrx_word' id='word_1_134' title='bbox 985 2344 993 2352; x_wconf 93' lang='lat'>.</span> <span class='ocrx_word' id='word_1_135' title='bbox 1030 2314 1263 2365; x_wconf 85' lang='lat' dir='ltr'>Turpilius</span> <span class='ocrx_word' id='word_1_136' title='bbox 1295 2313 1532 2352; x_wconf 85' lang='lat' dir='ltr'>Leucadia</span> <span class='ocrx_word' id='word_1_137' title='bbox 1566 2310 1732 2364; x_wconf 78' lang='lat' dir='ltr'>[XVIJ’</span> <span class='ocrx_word' id='word_1_138' title='bbox 1863 2310 1951 2351; x_wconf 90' lang='lat' dir='ltr'>XII</span> <span class='ocrx_word' id='word_1_139' title='bbox 1981 2312 2096 2352; x_wconf 90' lang='lat' dir='ltr'>Non.</span> 
     </span>
     <span class='ocr_line' id='line_1_23' title="bbox 191 2367 2094 2413; baseline -0.001 -5"><span class='ocrx_word' id='word_1_140' title='bbox 191 2372 296 2413; x_wconf 71' lang='lat'>322,</span> <span class='ocrx_word' id='word_1_141' title='bbox 331 2372 379 2409; x_wconf 86' lang='lat'>17</span> <span class='ocrx_word' id='word_1_142' title='bbox 421 2370 706 2410; x_wconf 82' lang='lat' dir='ltr'>‘insolens</span> <span class='ocrx_word' id='word_1_143' title='bbox 745 2383 919 2410; x_wconf 90' lang='lat' dir='ltr'>rursum</span> <span class='ocrx_word' id='word_1_144' title='bbox 958 2383 1048 2409; x_wconf 89' lang='lat' dir='ltr'>non</span> <span class='ocrx_word' id='word_1_145' title='bbox 1080 2370 1233 2409; x_wconf 83' lang='lat' dir='ltr'>solens</span> <span class='ocrx_word' id='word_1_146' title='bbox 1263 2401 1271 2410; x_wconf 91' lang='lat'>.</span> <span class='ocrx_word' id='word_1_147' title='bbox 1301 2401 1311 2410; x_wconf 88' lang='lat'>.</span> <span class='ocrx_word' id='word_1_148' title='bbox 1336 2400 1346 2409; x_wconf 92' lang='lat'>.</span> <span class='ocrx_word' id='word_1_149' title='bbox 1383 2369 1435 2409; x_wconf 93' lang='lat' dir='ltr'>P.</span> <span class='ocrx_word' id='word_1_150' title='bbox 1469 2368 1727 2409; x_wconf 84' lang='lat' dir='ltr'>Athalanta</span> <span class='ocrx_word' id='word_1_151' title='bbox 1755 2398 1765 2408; x_wconf 92' lang='lat'><em>.</em></span> <span class='ocrx_word' id='word_1_152' title='bbox 1792 2397 1802 2407; x_wconf 88' lang='lat'>.</span> <span class='ocrx_word' id='word_1_153' title='bbox 1828 2370 1864 2407; x_wconf 90' lang='lat'>.’</span> <span class='ocrx_word' id='word_1_154' title='bbox 1981 2367 2094 2406; x_wconf 84' lang='lat' dir='ltr'>XIII</span> 
     </span>
     <span class='ocr_line' id='line_1_24' title="bbox 190 2423 2094 2478; baseline -0.002 -14"><span class='ocrx_word' id='word_1_155' title='bbox 190 2425 306 2468; x_wconf 89' lang='lat' dir='ltr'>Non.</span> <span class='ocrx_word' id='word_1_156' title='bbox 354 2427 452 2476; x_wconf 83' lang='lat'>116,</span> <span class='ocrx_word' id='word_1_157' title='bbox 491 2427 539 2466; x_wconf 84' lang='lat'>18</span> <span class='ocrx_word' id='word_1_158' title='bbox 581 2426 1104 2478; x_wconf 79' lang='lat' dir='ltr'>‘geniinitudinem.&#39;</span> <span class='ocrx_word' id='word_1_159' title='bbox 1158 2423 1499 2476; x_wconf 84' lang='lat' dir='ltr'>(Athalenta</span> <span class='ocrx_word' id='word_1_160' title='bbox 1537 2423 1714 2473; x_wconf 84' lang='lat' dir='ltr'>Bamb.)</span> <span class='ocrx_word' id='word_1_161' title='bbox 1839 2423 1945 2462; x_wconf 91' lang='lat' dir='ltr'>XIV</span> <span class='ocrx_word' id='word_1_162' title='bbox 1976 2423 2094 2462; x_wconf 91' lang='lat' dir='ltr'>Non.</span> 
     </span>
     <span class='ocr_line' id='line_1_25' title="bbox 190 2478 2094 2534; baseline -0.002 -14"><span class='ocrx_word' id='word_1_163' title='bbox 190 2482 265 2531; x_wconf 83' lang='lat'>85,</span> <span class='ocrx_word' id='word_1_164' title='bbox 297 2484 323 2521; x_wconf 87' lang='grc'>4</span> <span class='ocrx_word' id='word_1_165' title='bbox 364 2486 548 2521; x_wconf 79' lang='lat' dir='ltr'>‘cette</span> <span class='ocrx_word' id='word_1_166' title='bbox 589 2482 818 2534; x_wconf 85' lang='lat' dir='ltr'>significat</span> <span class='ocrx_word' id='word_1_167' title='bbox 859 2482 997 2522; x_wconf 87' lang='lat' dir='ltr'>dicite</span> <span class='ocrx_word' id='word_1_168' title='bbox 1037 2481 1111 2521; x_wconf 85' lang='lat' dir='ltr'>uel</span> <span class='ocrx_word' id='word_1_169' title='bbox 1143 2481 1272 2531; x_wconf 79' lang='lat' dir='ltr'>date,</span> <span class='ocrx_word' id='word_1_170' title='bbox 1313 2482 1370 2521; x_wconf 86' lang='lat' dir='ltr'>ab</span> <span class='ocrx_word' id='word_1_171' title='bbox 1412 2494 1464 2521; x_wconf 87' lang='lat' dir='ltr'>eo</span> <span class='ocrx_word' id='word_1_172' title='bbox 1497 2481 1614 2532; x_wconf 87' lang='lat' dir='ltr'>quod</span> <span class='ocrx_word' id='word_1_173' title='bbox 1646 2480 1757 2520; x_wconf 86' lang='lat' dir='ltr'>cedo</span> <span class='ocrx_word' id='word_1_174' title='bbox 1789 2511 1796 2518; x_wconf 94' lang='lat'>.</span> <span class='ocrx_word' id='word_1_175' title='bbox 1823 2510 1834 2519; x_wconf 90' lang='lat'>.</span> <span class='ocrx_word' id='word_1_176' title='bbox 1860 2483 1896 2518; x_wconf 88' lang='lat'>.’</span> <span class='ocrx_word' id='word_1_177' title='bbox 2012 2478 2094 2517; x_wconf 91' lang='lat' dir='ltr'>XV</span> 
     </span>
     <span class='ocr_line' id='line_1_26' title="bbox 194 2535 2093 2590; baseline -0.001 -14"><span class='ocrx_word' id='word_1_178' title='bbox 194 2538 361 2577; x_wconf 85' lang='lat' dir='ltr'>Festus</span> <span class='ocrx_word' id='word_1_179' title='bbox 392 2552 433 2590; x_wconf 86' lang='lat' dir='ltr'>p.</span> <span class='ocrx_word' id='word_1_180' title='bbox 467 2540 548 2577; x_wconf 83' lang='lat'>375</span> <span class='ocrx_word' id='word_1_181' title='bbox 579 2539 637 2578; x_wconf 91' lang='lat' dir='ltr'>M.</span> <span class='ocrx_word' id='word_1_182' title='bbox 673 2538 939 2590; x_wconf 74' lang='lat' dir='ltr'>‘ungulus</span> <span class='ocrx_word' id='word_1_183' title='bbox 971 2537 1190 2578; x_wconf 77' lang='lat' dir='ltr'>Oscorum</span> <span class='ocrx_word' id='word_1_184' title='bbox 1226 2538 1384 2590; x_wconf 86' lang='lat' dir='ltr'>lingua</span> <span class='ocrx_word' id='word_1_185' title='bbox 1416 2537 1580 2577; x_wconf 87' lang='lat' dir='ltr'>anulus</span> <span class='ocrx_word' id='word_1_186' title='bbox 1611 2559 1666 2565; x_wconf 90' lang='lat'>·-</span> <span class='ocrx_word' id='word_1_187' title='bbox 1696 2558 1748 2563; x_wconf 97' lang='lat'><strong>—</strong></span> <span class='ocrx_word' id='word_1_188' title='bbox 1780 2535 2013 2575; x_wconf 80' lang='lat' dir='ltr'>Pacuuius</span> <span class='ocrx_word' id='word_1_189' title='bbox 2046 2537 2093 2574; x_wconf 91' lang='lat' dir='ltr'>in</span> 
     </span>
     <span class='ocr_line' id='line_1_27' title="bbox 191 2593 955 2635; baseline 0.004 -3"><span class='ocrx_word' id='word_1_190' title='bbox 191 2593 340 2633; x_wconf 81' lang='lat' dir='ltr'>Iliona</span> <span class='ocrx_word' id='word_1_191' title='bbox 373 2615 424 2622; x_wconf 92' lang='lat'>-—</span> <span class='ocrx_word' id='word_1_192' title='bbox 459 2598 504 2633; x_wconf 83' lang='lat' dir='ltr'>et</span> <span class='ocrx_word' id='word_1_193' title='bbox 533 2594 579 2634; x_wconf 89' lang='lat' dir='ltr'>in</span> <span class='ocrx_word' id='word_1_194' title='bbox 612 2594 833 2634; x_wconf 84' lang='lat' dir='ltr'>Atalanta</span> <span class='ocrx_word' id='word_1_195' title='bbox 861 2626 871 2635; x_wconf 89' lang='lat'><strong>.</strong></span> <span class='ocrx_word' id='word_1_196' title='bbox 892 2626 899 2633; x_wconf 90' lang='lat'><strong>.</strong></span> <span class='ocrx_word' id='word_1_197' title='bbox 920 2598 955 2635; x_wconf 90' lang='lat'>.&#39;</span> 
     </span>
    </p>
   </div>
   <div class='ocr_carea' id='block_1_6' title="bbox 191 2770 2098 3602">
    <p class='ocr_par' dir='ltr' id='par_1_12' title="bbox 192 2770 2098 3113">
     <span class='ocr_line' id='line_1_28' title="bbox 274 2770 2098 2831; baseline -0.002 -13"><span class='ocrx_word' id='word_1_198' title='bbox 274 2802 277 2804; x_wconf 28' lang='grc' dir='ltr'>ψ</span> <span class='ocrx_word' id='word_1_199' title='bbox 332 2773 397 2818; x_wconf 84' lang='grc'>55</span> <span class='ocrx_word' id='word_1_200' title='bbox 436 2775 508 2817; x_wconf 77' lang='lat' dir='ltr'>An</span> <span class='ocrx_word' id='word_1_201' title='bbox 548 2773 962 2831; x_wconf 76' lang='lat' dir='ltr'>consanguineum?</span> <span class='ocrx_word' id='word_1_202' title='bbox 1107 2772 1171 2817; x_wconf 78' lang='lat'>56</span> <span class='ocrx_word' id='word_1_203' title='bbox 1199 2784 1267 2831; x_wconf 77' lang='lat' dir='ltr'>sq.</span> <span class='ocrx_word' id='word_1_204' title='bbox 1308 2773 1402 2831; x_wconf 80' lang='lat' dir='ltr'>regi</span> <span class='ocrx_word' id='word_1_205' title='bbox 1443 2779 1491 2815; x_wconf 80' lang='lat' dir='ltr'>ut</span> <span class='ocrx_word' id='word_1_206' title='bbox 1530 2770 1794 2815; x_wconf 75' lang='lat' dir='ltr'>memorabis</span> <span class='ocrx_word' id='word_1_207' title='bbox 1832 2783 1950 2814; x_wconf 87' lang='lat' dir='ltr'>nunc</span> <span class='ocrx_word' id='word_1_208' title='bbox 1985 2770 2098 2815; x_wconf 80' lang='lat' dir='ltr'>libri</span> 
     </span>
     <span class='ocr_line' id='line_1_29' title="bbox 192 2840 2093 2903; baseline -0.001 -17"><span class='ocrx_word' id='word_1_209' title='bbox 192 2843 299 2902; x_wconf 77' lang='lat' dir='ltr'>Regi</span> <span class='ocrx_word' id='word_1_210' title='bbox 339 2852 388 2887; x_wconf 82' lang='lat' dir='ltr'>ut</span> <span class='ocrx_word' id='word_1_211' title='bbox 421 2844 694 2900; x_wconf 76' lang='lat' dir='ltr'>memoraui,</span> <span class='ocrx_word' id='word_1_212' title='bbox 733 2844 770 2886; x_wconf 89' lang='lat' dir='ltr'>is</span> <span class='ocrx_word' id='word_1_213' title='bbox 809 2857 927 2888; x_wconf 66' lang='lat' dir='ltr'>nuno</span> <span class='ocrx_word' id='word_1_214' title='bbox 973 2843 1170 2888; x_wconf 77' lang='lat' dir='ltr'>Botlzius</span> <span class='ocrx_word' id='word_1_215' title='bbox 1207 2842 1316 2903; x_wconf 81' lang='lat' dir='ltr'>Regi</span> <span class='ocrx_word' id='word_1_216' title='bbox 1357 2842 1399 2886; x_wconf 85' lang='lat' dir='ltr'>id</span> <span class='ocrx_word' id='word_1_217' title='bbox 1439 2855 1659 2898; x_wconf 78' lang='lat' dir='ltr'>memora,</span> <span class='ocrx_word' id='word_1_218' title='bbox 1699 2842 1774 2900; x_wconf 87' lang='lat' dir='ltr'>qui</span> <span class='ocrx_word' id='word_1_219' title='bbox 1814 2854 1932 2884; x_wconf 89' lang='lat' dir='ltr'>nunc</span> <span class='ocrx_word' id='word_1_220' title='bbox 1984 2840 2093 2885; x_wconf 80' lang='lat' dir='ltr'>Vos-</span> 
     </span>
     <span class='ocr_line' id='line_1_30' title="bbox 193 2911 2096 2974; baseline -0.003 -16"><span class='ocrx_word' id='word_1_221' title='bbox 193 2918 290 2959; x_wconf 79' lang='lat' dir='ltr'>sius</span> <span class='ocrx_word' id='word_1_222' title='bbox 328 2913 439 2974; x_wconf 78' lang='lat' dir='ltr'>Regi</span> <span class='ocrx_word' id='word_1_223' title='bbox 479 2912 725 2972; x_wconf 75' lang='lat' dir='ltr'>Meleagro:</span> <span class='ocrx_word' id='word_1_224' title='bbox 765 2914 801 2956; x_wconf 81' lang='lat' dir='ltr'>is</span> <span class='ocrx_word' id='word_1_225' title='bbox 842 2928 959 2957; x_wconf 86' lang='lat' dir='ltr'>nunc</span> <span class='ocrx_word' id='word_1_226' title='bbox 999 2914 1191 2959; x_wconf 82' lang='lat' dir='ltr'>Grotius</span> <span class='ocrx_word' id='word_1_227' title='bbox 1230 2914 1354 2958; x_wconf 81' lang='lat' dir='ltr'>Bibl.</span> <span class='ocrx_word' id='word_1_228' title='bbox 1385 2916 1492 2956; x_wconf 83' lang='lat' dir='ltr'>crit.</span> <span class='ocrx_word' id='word_1_229' title='bbox 1519 2927 1565 2957; x_wconf 76' lang='grc' dir='ltr'>η.</span> <span class='ocrx_word' id='word_1_230' title='bbox 1594 2912 1684 2956; x_wconf 85' lang='lat' dir='ltr'>IV.</span> <span class='ocrx_word' id='word_1_231' title='bbox 1725 2911 1887 2970; x_wconf 81' lang='lat' dir='ltr'>Tegiae</span> <span class='ocrx_word' id='word_1_232' title='bbox 1925 2922 2096 2954; x_wconf 78' lang='lat' dir='ltr'>memor</span> 
     </span>
     <span class='ocr_line' id='line_1_31' title="bbox 192 2982 2095 3042; baseline -0.001 -17"><span class='ocrx_word' id='word_1_233' title='bbox 192 2986 260 3028; x_wconf 74' lang='lat' dir='ltr'>:nui</span> <span class='ocrx_word' id='word_1_234' title='bbox 299 2998 418 3028; x_wconf 84' lang='lat' dir='ltr'>nunc</span> <span class='ocrx_word' id='word_1_235' title='bbox 456 2982 800 3028; x_wconf 76' lang='lat' dir='ltr'>Buecleelerus.</span> <span class='ocrx_word' id='word_1_236' title='bbox 869 2984 982 3029; x_wconf 86' lang='lat' dir='ltr'>Olim</span> <span class='ocrx_word' id='word_1_237' title='bbox 1020 2986 1143 3029; x_wconf 75' lang='lat' dir='ltr'>liaeo</span> <span class='ocrx_word' id='word_1_238' title='bbox 1178 2984 1290 3042; x_wconf 84' lang='lat' dir='ltr'>fere</span> <span class='ocrx_word' id='word_1_239' title='bbox 1330 2989 1618 3027; x_wconf 79' lang='lat' dir='ltr'>commentus</span> <span class='ocrx_word' id='word_1_240' title='bbox 1655 2995 1812 3026; x_wconf 78' lang='lat' dir='ltr'>eram.-</span> <span class='ocrx_word' id='word_1_241' title='bbox 1862 2994 1951 3024; x_wconf 88' lang='lat' dir='ltr'>non</span> <span class='ocrx_word' id='word_1_242' title='bbox 1991 2993 2095 3039; x_wconf 79' lang='lat' dir='ltr'>pro-</span> 
     </span>
     <span class='ocr_line' id='line_1_32' title="bbox 199 3046 2094 3113; baseline -0.002 -17"><span class='ocrx_word' id='word_1_243' title='bbox 199 3068 338 3113; x_wconf 65' lang='lat' dir='ltr'>pagas</span> <span class='ocrx_word' id='word_1_244' title='bbox 378 3054 528 3112; x_wconf 78' lang='lat' dir='ltr'>regia,</span> <span class='ocrx_word' id='word_1_245' title='bbox 554 3049 627 3096; x_wconf 74' lang='lat' dir='ltr'>&#39;At</span> <span class='ocrx_word' id='word_1_246' title='bbox 665 3055 778 3097; x_wconf 82' lang='lat' dir='ltr'>enim</span> <span class='ocrx_word' id='word_1_247' title='bbox 820 3068 938 3098; x_wconf 85' lang='lat' dir='ltr'>nunc</span> <span class='ocrx_word' id='word_1_248' title='bbox 974 3046 1209 3098; x_wconf 63' lang='lat' dir='ltr'>nemoralis</span> <span class='ocrx_word' id='word_1_249' title='bbox 1250 3067 1289 3097; x_wconf 85' lang='lat' dir='ltr'>e.</span> <span class='ocrx_word' id='word_1_250' title='bbox 1319 3069 1362 3112; x_wconf 78' lang='lat' dir='ltr'>q.</span> <span class='ocrx_word' id='word_1_251' title='bbox 1391 3067 1427 3097; x_wconf 81' lang='lat' dir='ltr'>s.</span> <span class='ocrx_word' id='word_1_252' title='bbox 1537 3065 1689 3111; x_wconf 80' lang='lat' dir='ltr'>regem</span> <span class='ocrx_word' id='word_1_253' title='bbox 1728 3053 1901 3110; x_wconf 77' lang='lat' dir='ltr'>potitur</span> <span class='ocrx_word' id='word_1_254' title='bbox 1926 3049 2094 3094; x_wconf 83' lang='lat' dir='ltr'>Bamb.</span> 
     </span>
    </p>

    <p class='ocr_par' dir='ltr' id='par_1_13' title="bbox 191 3121 2097 3602">
     <span class='ocr_line' id='line_1_33' title="bbox 298 3121 2093 3182; baseline -0.003 -13"><span class='ocrx_word' id='word_1_255' title='bbox 298 3124 362 3169; x_wconf 75' lang='lat'>58</span> <span class='ocrx_word' id='word_1_256' title='bbox 391 3137 460 3182; x_wconf 80' lang='lat' dir='ltr'>sq.</span> <span class='ocrx_word' id='word_1_257' title='bbox 493 3123 716 3168; x_wconf 80' lang='lat' dir='ltr'>Restituit</span> <span class='ocrx_word' id='word_1_258' title='bbox 745 3137 935 3169; x_wconf 82' lang='lat' dir='ltr'>uersum</span> <span class='ocrx_word' id='word_1_259' title='bbox 964 3125 1311 3169; x_wconf 78' lang='lat' dir='ltr'>Buechelerus.</span> <span class='ocrx_word' id='word_1_260' title='bbox 1351 3122 1456 3182; x_wconf 84' lang='lat' dir='ltr'>quid</span> <span class='ocrx_word' id='word_1_261' title='bbox 1484 3125 1601 3167; x_wconf 79' lang='lat' dir='ltr'>istuc</span> <span class='ocrx_word' id='word_1_262' title='bbox 1626 3121 1745 3179; x_wconf 81' lang='lat' dir='ltr'>(istic</span> <span class='ocrx_word' id='word_1_263' title='bbox 1769 3121 1916 3175; x_wconf 58' lang='lat' dir='ltr'>Leia„</span> <span class='ocrx_word' id='word_1_264' title='bbox 1955 3122 2093 3164; x_wconf 80' lang='lat' dir='ltr'>etiam</span> 
     </span>
     <span class='ocr_line' id='line_1_34' title="bbox 192 3189 2094 3251; baseline -0.003 -13"><span class='ocrx_word' id='word_1_265' title='bbox 192 3198 236 3238; x_wconf 84' lang='lat' dir='ltr'>in</span> <span class='ocrx_word' id='word_1_266' title='bbox 277 3195 336 3238; x_wconf 89' lang='lat' dir='ltr'><em>W</em></span> <span class='ocrx_word' id='word_1_267' title='bbox 370 3195 557 3238; x_wconf 76' lang='lat' dir='ltr'>dimidia</span> <span class='ocrx_word' id='word_1_268' title='bbox 594 3200 736 3250; x_wconf 79' lang='lat' dir='ltr'>parte</span> <span class='ocrx_word' id='word_1_269' title='bbox 772 3196 965 3240; x_wconf 81' lang='lat' dir='ltr'>litterae</span> <span class='ocrx_word' id='word_1_270' title='bbox 1005 3209 1033 3238; x_wconf 89' lang='lat' dir='ltr'>u</span> <span class='ocrx_word' id='word_1_271' title='bbox 1072 3193 1234 3251; x_wconf 82' lang='lat' dir='ltr'>erasa)</span> <span class='ocrx_word' id='word_1_272' title='bbox 1271 3202 1340 3238; x_wconf 82' lang='lat' dir='ltr'>est</span> <span class='ocrx_word' id='word_1_273' title='bbox 1378 3193 1551 3237; x_wconf 80' lang='lat' dir='ltr'>uultum</span> <span class='ocrx_word' id='word_1_274' title='bbox 1589 3192 1858 3251; x_wconf 77' lang='lat' dir='ltr'>alligatoque</span> <span class='ocrx_word' id='word_1_275' title='bbox 1892 3189 2094 3234; x_wconf 72' lang='lat' dir='ltr'>tristitias</span> 
     </span>
     <span class='ocr_line' id='line_1_35' title="bbox 191 3260 2097 3323; baseline -0.004 -14"><span class='ocrx_word' id='word_1_276' title='bbox 191 3266 324 3321; x_wconf 79' lang='lat' dir='ltr'>libri,</span> <span class='ocrx_word' id='word_1_277' title='bbox 365 3267 412 3309; x_wconf 82' lang='lat' dir='ltr'>in</span> <span class='ocrx_word' id='word_1_278' title='bbox 452 3264 620 3322; x_wconf 78' lang='lat' dir='ltr'>quibus</span> <span class='ocrx_word' id='word_1_279' title='bbox 657 3263 811 3322; x_wconf 79' lang='lat' dir='ltr'>alligat</span> <span class='ocrx_word' id='word_1_280' title='bbox 850 3278 962 3323; x_wconf 80' lang='lat' dir='ltr'>quae</span> <span class='ocrx_word' id='word_1_281' title='bbox 1001 3265 1182 3321; x_wconf 82' lang='lat' dir='ltr'>Iunius,</span> <span class='ocrx_word' id='word_1_282' title='bbox 1226 3264 1430 3308; x_wconf 78' lang='lat' dir='ltr'>tristities</span> <span class='ocrx_word' id='word_1_283' title='bbox 1469 3263 1672 3307; x_wconf 75' lang='lat' dir='ltr'>Bothz‘us</span> <span class='ocrx_word' id='word_1_284' title='bbox 1710 3271 1970 3320; x_wconf 72' lang='lat' dir='ltr'>(tynoscere</span> <span class='ocrx_word' id='word_1_285' title='bbox 2008 3260 2097 3303; x_wconf 81' lang='lat' dir='ltr'>sibi</span> 
     </span>
     <span class='ocr_line' id='line_1_36' title="bbox 194 3329 2088 3393; baseline -0.003 -15"><span class='ocrx_word' id='word_1_286' title='bbox 194 3338 284 3379; x_wconf 83' lang='lat' dir='ltr'>uisi</span> <span class='ocrx_word' id='word_1_287' title='bbox 320 3341 473 3379; x_wconf 80' lang='lat' dir='ltr'>erant.</span> <span class='ocrx_word' id='word_1_288' title='bbox 620 3335 718 3392; x_wconf 84' lang='lat' dir='ltr'>quis</span> <span class='ocrx_word' id='word_1_289' title='bbox 757 3333 859 3377; x_wconf 74' lang='lat' dir='ltr'>istic</span> <span class='ocrx_word' id='word_1_290' title='bbox 900 3334 1050 3378; x_wconf 80' lang='lat' dir='ltr'>uoltus</span> <span class='ocrx_word' id='word_1_291' title='bbox 1089 3333 1313 3393; x_wconf 82' lang='lat' dir='ltr'>caligans?</span> <span class='ocrx_word' id='word_1_292' title='bbox 1359 3346 1471 3391; x_wconf 83' lang='lat' dir='ltr'>quae</span> <span class='ocrx_word' id='word_1_293' title='bbox 1511 3331 1729 3376; x_wconf 76' lang='lat' dir='ltr'>tristitas‘?</span> <span class='ocrx_word' id='word_1_294' title='bbox 1778 3329 1996 3387; x_wconf 63' lang='lat' dir='ltr'>Scaliger</span> <span class='ocrx_word' id='word_1_295' title='bbox 2042 3331 2088 3373; x_wconf 83' lang='lat' dir='ltr'>in</span> 
     </span>
     <span class='ocr_line' id='line_1_37' title="bbox 192 3399 2088 3461; baseline -0.004 -12"><span class='ocrx_word' id='word_1_296' title='bbox 192 3406 393 3449; x_wconf 81' lang='lat' dir='ltr'>Aetnam</span> <span class='ocrx_word' id='word_1_297' title='bbox 424 3419 470 3461; x_wconf 82' lang='lat' dir='ltr'>p.</span> <span class='ocrx_word' id='word_1_298' title='bbox 510 3404 612 3449; x_wconf 75' lang='lat'>155</span> <span class='ocrx_word' id='word_1_299' title='bbox 759 3403 819 3449; x_wconf 89' lang='grc'>61</span> <span class='ocrx_word' id='word_1_300' title='bbox 862 3402 971 3447; x_wconf 81' lang='lat' dir='ltr'>abeo</span> <span class='ocrx_word' id='word_1_301' title='bbox 1013 3404 1180 3448; x_wconf 79' lang='lat' dir='ltr'>Bamb.</span> <span class='ocrx_word' id='word_1_302' title='bbox 1327 3401 1391 3447; x_wconf 83' lang='lat'>64</span> <span class='ocrx_word' id='word_1_303' title='bbox 1431 3403 1475 3445; x_wconf 91' lang='lat' dir='ltr'>in</span> <span class='ocrx_word' id='word_1_304' title='bbox 1514 3416 1600 3446; x_wconf 85' lang='lat' dir='ltr'>om.</span> <span class='ocrx_word' id='word_1_305' title='bbox 1643 3400 1856 3445; x_wconf 76' lang='lat' dir='ltr'>Vrsinus&#39;</span> <span class='ocrx_word' id='word_1_306' title='bbox 1880 3405 1924 3443; x_wconf 88' lang='lat' dir='ltr'>et</span> <span class='ocrx_word' id='word_1_307' title='bbox 1965 3399 2088 3443; x_wconf 82' lang='lat' dir='ltr'>Vati-</span> 
     </span>
     <span class='ocr_line' id='line_1_38' title="bbox 193 3467 1959 3535; baseline -0.002 -18"><span class='ocrx_word' id='word_1_308' title='bbox 193 3487 346 3535; x_wconf 68' lang='lat' dir='ltr'>canus</span> <span class='ocrx_word' id='word_1_309' title='bbox 384 3474 420 3519; x_wconf 88' lang='lat' dir='ltr'><strong><em>S</em></strong></span> <span class='ocrx_word' id='word_1_310' title='bbox 455 3475 737 3535; x_wconf 80' lang='lat' dir='ltr'>Mommseni</span> <span class='ocrx_word' id='word_1_311' title='bbox 770 3473 1049 3530; x_wconf 75' lang='lat' dir='ltr'>(commentt.</span> <span class='ocrx_word' id='word_1_312' title='bbox 1093 3475 1232 3518; x_wconf 81' lang='lat' dir='ltr'>acad.</span> <span class='ocrx_word' id='word_1_313' title='bbox 1273 3471 1488 3516; x_wconf 81' lang='lat' dir='ltr'>Berolin.</span> <span class='ocrx_word' id='word_1_314' title='bbox 1528 3487 1574 3515; x_wconf 89' lang='grc' dir='ltr'>α.</span> <span class='ocrx_word' id='word_1_315' title='bbox 1615 3468 1750 3516; x_wconf 86' lang='grc'><strong>1864</strong></span> <span class='ocrx_word' id='word_1_316' title='bbox 1780 3483 1834 3527; x_wconf 82' lang='lat' dir='ltr'>p.</span> <span class='ocrx_word' id='word_1_317' title='bbox 1876 3467 1959 3526; x_wconf 85' lang='lat'>83)</span> 
     </span>
     <span class='ocr_line' id='line_1_39' title="bbox 193 3540 1499 3602; baseline -0.001 -16"><span class='ocrx_word' id='word_1_318' title='bbox 193 3542 373 3589; x_wconf 78' lang='lat' dir='ltr'>brachio</span> <span class='ocrx_word' id='word_1_319' title='bbox 412 3546 511 3589; x_wconf 81' lang='lat' dir='ltr'>cod.</span> <span class='ocrx_word' id='word_1_320' title='bbox 552 3544 619 3602; x_wconf 81' lang='lat' dir='ltr'>cs.</span> <span class='ocrx_word' id='word_1_321' title='bbox 660 3544 1001 3588; x_wconf 79' lang='lat' dir='ltr'>Laclzmcmnus</span> <span class='ocrx_word' id='word_1_322' title='bbox 1038 3546 1084 3587; x_wconf 85' lang='lat' dir='ltr'>in</span> <span class='ocrx_word' id='word_1_323' title='bbox 1123 3544 1267 3588; x_wconf 83' lang='lat' dir='ltr'>Lucr.</span> <span class='ocrx_word' id='word_1_324' title='bbox 1311 3542 1378 3588; x_wconf 86' lang='lat' dir='ltr'>VI</span> <span class='ocrx_word' id='word_1_325' title='bbox 1397 3540 1499 3586; x_wconf 85' lang='lat'>434</span> 
     </span>
    </p>
   </div>
  </div>
 </body>
</html>
