2294 3844
896 213 1332 256 COROLLARIVM
1926 217 2061 258 XLIX

315 348 515 400 Versus
580 349 688 399 42ss
753 349 1071 399 sententiam
1136 349 1356 399 Plautus
1419 348 1577 398 etiam
1644 351 1694 399 in
1763 335 2067 401 mercatoris

168 457 210 489 v.
253 439 360 488 512
401 437 649 488 reddidit:
703 438 879 505 ‘quasi
928 435 1072 488 dicas
1113 437 1310 487 nullam
1362 437 1633 487 mulierem
1680 438 1866 488 bonam
1911 444 2064 489 ‹·sse.’

315 525 371 577 P.
418 526 533 577 136.
613 526 834 576 Glossae
885 526 1070 592 applm·
1124 525 1446 576 testimoniis
1503 526 1621 576 addi
1674 531 1846 592 potest
1904 529 2065 578 altera

167 633 226 664 ex
259 613 490 664 Labbaei
534 614 792 682 glossario
826 614 1032 665 notatio
1074 615 1318 679 (1011101103-
1356 613 1683 678 θηρίκλειον
1719 610 1872 663 ’ἑστιν
1910 611 2070 678 γένος

166 697 617 769 ἀργυρώματος’,
673 702 811 771 quod
860 720 978 753 011111
1029 700 1264 770 Scaliger
1310 703 1546 768 applares
1600 702 1794 769 corrigi
1847 704 2069 767 iusserit,

167 790 368 842 Graeca
410 792 848 858 interpretatione
889 791 1222 858 probabilius
1265 791 1321 842 fit
1362 791 1587 857 aplare
1627 791 1803 841 fuisse.

315 880 464 953 Quod
514 881 565 931 in
610 880 887 947 prosodiae
930 879 1208 930 Plautinae
1250 899 1297 947 p.
1340 880 1443 931 357
1497 879 1615 930 adn.
1665 880 1871 947 quaerit
1911 879 2068 930 (fFW

166 967 408 1036 Mueller,
481 970 616 1020 unde
682 970 948 1019 (lesnerus
1019 972 1071 1019 et
1141 968 1486 1019 Forcellinius
1557 968 1796 1033 Pacuvii,
1878 970 1918 1018 si
1992 970 2071 1019 dis¹

165 1059 358 1124 placet,
416 1059 569 1109 verba
629 1059 751 1108 adro
810 1059 1067 1109 ‘'iecorum‘'
1120 1058 1249 1108 wilei
1294 1076 1385 1123 pes
1440 1057 1764 1122 obstupuerat
1826 1057 2071 1113 habeant,

165 1165 271 1197 11011
322 1146 531 1197 difficile
581 1151 694 1197 erat
741 1147 993 1214 reperire,
1050 1147 1093 1196 si
1142 1146 1343 1197 Perotti
1392 1146 1568 1197 (¹ornu
1620 1145 1816 1212 (¹opiae
1869 1165 1914 1213 p.
1966 1147 2073 1197 (310

162 1236 465 1303 evolvisset,
506 1236 652 1286 cuius
694 1236 864 1304 qualis
907 1236 976 1285 sit
1015 1234 1142 1285 fides
1185 1235 1397 1286 doctum
1440 1235 1706 1285 neminem
1749 1235 1899 1302 fugit.

310 1504 612 1562 Attium‚et
653 1503 908 1555 debebam
950 1506 1002 1553 et
1046 1503 1284 1554 volebam
1320 1501 1597 1553 A('¹(¹IVM
1641 1504 1879 1554 scribere.
1929 1500 2068 1554 Nam

160 1592 259 1644 hoc
314 1593 476 1643 fuisse
532 1598 718 1660 poetae
775 1593 943 1643 nostri
1000 1611 1192 1643 nomen
1251 1592 1405 1642 fidem
1462 1593 1587 1643 facit
1652 1612 1769 1643 cum
1827 1594 2067 1660 frequen-

160 1682 257 1749 tia,
306 1682 468 1732 immo
517 1682 820 1732 constantia
867 1681 1023 1732 huius
1072 1682 1410 1748 potissimum
1463 1682 1754 1748 scripturae
1812 1682 1862 1732 in
1921 1683 2065 1732 testi-

163 1771 379 1838 moniis,
434 1775 547 1821 tum
598 1770 995 1821 Pisaurensium
1051 1771 1329 1821 titulorum
1380 1771 1690 1838 auctoritas,
1746 1771 1856 1821 ubi'
1893 1771 2067 1821 Accii

162 1864 443 1928 apparent,
506 1860 723 1910 maximi
787 1860 877 1910 illa
941 1859 1218 1926 momenti,
1294 1860 1336 1909 si
1410 1860 1754 1926 probabiliter
1819 1860 2069 1910 statuitur

162 1949 454 2000 Accianum
496 1949 643 2016 (nam
685 1949 758 1999 sic
807 1948 947 2015 apud
989 1946 1374 2015 Hieronymum
1423 1949 1637 2016 dicitur)
1686 1948 1930 2014 fundum,
1980 1949 2068 2016 qui

162 2039 307 2089 iuxta
360 2037 639 2088 Pisaurum
696 2037 817 2104 fuit,
874 2056 903 2087 a
958 2040 1108 2103 patre
1165 2041 1352 2103 poetae
1408 2039 1597 2088 colono
1659 2056 1961 2104 possessum
2018 2042 2068 2086 et

161 2127 268 2178 filio
309 2127 564 2178 traditum
606 2127 783 2177 fuisse.

309 2230 373 2283 V.
435 2232 500 2282 lo
554 2248 632 2281 ¹me
694 2228 1026 2297 pronominis
1091 2230 1462 2297 supplemento
1527 2249 1702 2281 carere
1767 2231 1856 2298 qui
1916 2231 2066 2295 volet,

160 2324 511 2387 transponere
552 2319 712 2370 verba
752 2337 871 2369 011111
912 2317 1151 2369 Usenero
1192 2318 1412 2385 poterit:

317 2423 502 2474 classis
543 2423 598 2474 in
639 2423 810 2473 salum
849 2421 1060 2473 trahere
1102 2425 1155 2472 et
1195 2422 1312 2473 uela
1353 2423 1634 2472 uentorum
1676 2440 1718 2473 a.
1761 2423 1790 2473 i.

163 2527 287 2579 Non
328 2527 498 2595 probo
541 2526 681 2595 quod
722 2525 1076 2578 Buechelerus
1118 2526 1343 2578 coniecit

314 2631 499 2683 classis
538 2630 748 2682 trahere
788 2631 843 2682 in
885 2631 1056 2682 salum
1096 2635 1149 2682 et
1186 2630 1425 2681 habenas
1467 2631 1749 2681 uentorum
1790 2649 1832 2682 a.
1875 2631 1905 2682 i.

161 2753 269 2786 non
317 2734 538 2801 inmitti,
593 2734 684 2786 sed
739 2735 1000 2786 committi
1055 2735 1227 2786 ventis
1283 2735 1421 2801 vela,
1476 2737 1662 2785 ventos
1711 2738 1889 2785 autem
1938 2735 2064 2785 velis

161 2823 373 2890 proprie
420 2823 621 2874 inmitti
670 2841 907 2874 monens.
993 2822 1094 2876 Sed
1142 2824 1292 2875 navis
1342 2824 1386 2874 si
1425 2823 1598 2891 passis
1646 2823 1775 2873 velis
1826 2823 1880 2873 in
1922 2841 2064 2873 mare

162 2915 319 2979 atque
366 2912 422 2962 in
462 2915 649 2963 ventos
698 2912 838 2963 mitti
878 2915 1017 2964 recte
1059 2912 1271 2979 dicitur,
1320 2911 1504 2980 quidni
1544 2912 1661 2963 vela
1702 2930 1910 2980 quoque
1951 2931 2060 2963 cur-

160 3000 325 3051 rentis
372 2999 597 3051 vehiculi
644 3000 853 3052 inmitti
900 3000 1042 3051 auris
1098 3001 1155 3052 in
1207 3001 1367 3068 paulo
1423 3000 1765 3069 exquisitiore
1822 3018 2062 3050 sermone

160 3088 430 3140 feramus?
521 3087 675 3140 Certe
721 3089 837 3140 ‘uela
881 3093 1148 3141 uentorum
1197 3089 1519 3141 adlitteratio
1575 3107 1641 3139 ne
1690 3088 1929 3156 utiquam
1978 3106 2059 3137 ex-

161 3178 286 3245 pelli
326 3177 495 3230 debet.

307 3265 371 3318 V.
416 3267 481 3318 19
521 3266 669 3333 quale
706 3265 763 3317 in
801 3263 944 3318 Leid.
989 3267 1090 3319 116
1130 3266 1469 3335 interpretari
1509 3265 1633 3317 licet
1669 3265 1850 3331 qnalei.

307 3368 371 3421 V.
404 3370 474 3421 23
508 3388 584 3438 sq.
619 3370 938 3422 sententiam
963 3388 1083 3422 cum
1116 3369 1493 3423 advocatorum
1525 3370 1581 3420 in
1607 3368 1781 3420 Plauti
1817 3365 2053 3417 Poenulo

162 3458 456 3525 praeceptis
490 3477 797 3525 comparare
837 3459 983 3510 iuvat
1015 3477 1059 3511 v.
1085 3459 1192 3511 513
1234 3458 1452 3511 ‘liberos
1484 3457 1726 3509 homines
1760 3474 1853 3522 per
1877 3455 2058 3506 urbem

162 3547 368 3598 modico
408 3548 579 3615 magis
619 3551 701 3598 est
740 3566 835 3614 par
874 3547 1039 3615 gradu
1081 3547 1178 3598 'Ire
1205 3565 1216 3598 ε
1243 3548 1428 3598 servile
1469 3564 1583 3597 esse
1631 3544 1762 3594 duco
1803 3543 2056 3594 festinan-

247 3656 441 3695 anmecx,
467 3656 597 3687 Scaen.
623 3655 756 3694 fragm.
1677 3645 1705 3686 (1
