2294 3844
987 285 1045 328 M.
1080 285 1376 326 PAcvvws
2061 283 2126 333 97

1053 413 1131 465 IV
1173 411 1293 483 (12)

372 509 504 562 011111
546 512 716 578 neque
759 529 840 560 me
881 510 1114 577 aspicere
1157 511 1403 578 aequales
1444 509 1730 574 dign-arent
1771 528 1916 559 1116111»

369 702 524 754 Prius
567 704 691 754 data
731 706 811 753 est
851 721 1009 770 quam
1050 702 1149 753 tibi
1192 703 1304 754 dari
1347 703 1522 770 (116111,
1558 707 1649 753 mit
1701 721 1857 769 quam
1900 702 2125 752 reditum

1288 803 1366 850 est
1406 798 1682 867 Pergamo.

373 991 525 1053 Quod
567 1010 667 1061 ego
709 992 765 1043 in
806 992 917 1043 acie
959 992 1163 1043 celebra
1201 991 1476 1043 obiectans
1502 989 1671 1042 ustam
1698 990 1946 1041 bellando
1974 991 2128 1057 {ipius

1289 1106 1406 1138 sum

1047 1183 1153 1236 VII
1195 1181 1314 1253 (26)

370 1280 508 1342 Quid
556 1281 835 1332 benefacta
873 1278 991 1350 Jmel'
1035 1281 1224 1349 patris,
1280 1280 1427 1331 cuius
1476 1282 1637 1346 opera
1691 1282 1743 1330 te
1793 1298 1905 1330 esse
1954 1282 2125 1331 ultum

1289 1379 1573 1427 autumant
1591 1376 1617 1426 ⁴?

228 1571 332 1622 170
376 1612 385 1621 .
466 1613 475 1621 .
555 1613 564 1621 .
645 1613 654 1621 .
733 1612 743 1622 .
821 1569 973 1639 regni
1015 1570 1174 1621 alieni
1216 1568 1478 1636 cupiditas

372 1666 611 1718 pellexit.

1050 1755 1127 1806 IX
1171 1753 1290 1825 (19)

373 1850 527 1922 [Tuo]
572 1853 668 1903 sub
709 1852 903 1903 iudicio
945 1870 1079 1919 quae
1121 1854 1306 1903 Omnes
1345 1847 1617 1901 tetinerl'm
1658 1849 1854 1916 grados

1065 1947 1114 1999 X
1156 1946 1275 2017 (22)

368 2042 509 2095 Nam
544 2046 687 2096 solus
720 2045 924 2096 Danais
964 2042 1053 2095 hie
1094 2043 1311 2095 domum
1350 2042 1572 2094 itionem
1613 2041 1770 2092 dedit.

1058 2139 1136 2191 XI
1178 2137 1298 2209 (23)

371 2236 475 2288 Par
514 2237 798 2306 fortitudo,
839 2237 1052 2306 gemina
1093 2235 1431 2288 confidentia.

334 2400 392 2438 IV
425 2400 525 2440 Non
555 2401 651 2449 470,
680 2401 730 2439 19
771 2399 1035 2450 ‘dignaui
1069 2412 1149 2451 pro
1180 2398 1398 2450 dignatus
1431 2409 1526 2436 sum
1558 2395 1632 2435 uel
1665 2396 1846 2447 dignum
1881 2395 1988 2435 duxi
2018 2427 2027 2436 .
2055 2428 2058 2434 .
2091 2400 2126 2436 .’

222 2455 406 2496 Seruius
437 2457 484 2496 in
515 2458 627 2499 Aen.
660 2456 723 2496 XI
760 2458 835 2496 169
869 2456 974 2495 ‘alii
1008 2455 1227 2508 dignem
1267 2454 1426 2504 legunt
1458 2455 1587 2493 iuxta
1618 2457 1800 2492 ueteres
1833 2453 1889 2492 ab
1924 2466 1976 2492 eo
2009 2453 2126 2504 quod

222 2516 293 2552 est
332 2512 499 2564 digno
536 2544 544 2553 .
573 2544 581 2552 .
608 2516 643 2553 .'
697 2511 941 2552 Diomedes
981 2512 997 2550 I
1039 2526 1078 2565 p.
1110 2513 1191 2552 395
1225 2512 1271 2550 P.
1314 2510 1513 2562 ‘digno
1553 2512 1618 2550 ait
1656 2509 1887 2549 Pacuuius
1926 2509 1971 2548 in
2012 2511 2129 2549 Her—

221 2569 373 2608 miona
403 2599 410 2607 .
438 2599 448 2609 .
474 2567 508 2608 .'
633 2570 671 2609 V
704 2569 818 2609 Non.
852 2569 954 2618 280,
987 2570 1039 2608 27
1073 2568 1292 2608 ‘dicere
1327 2567 1464 2606 etiam
1497 2565 1761 2618 promittere
1799 2595 1808 2605 .
1835 2595 1844 2604 .
1871 2596 1879 2605 .
1912 2569 1948 2604 .’
2066 2566 2128 2605 VI

220 2624 334 2664 Non.
366 2627 468 2676 234,
502 2627 556 2666 25
587 2629 783 2678 ‘aptus
817 2624 1050 2676 significat
1082 2625 1274 2676 adeptus
1304 2626 1397 2664 ...⁹
1552 2623 1637 2663 VII
1667 2621 1780 2661 Non.
1812 2623 1908 2671 237,
1941 2624 1966 2661 3
2000 2625 2125 2660 ‘au-

220 2685 431 2721 tumare
463 2687 534 2722 est
565 2681 730 2723 dicere.
785 2681 1013 2721 Pacuuius
1042 2681 1268 2721 Periboea
1297 2710 1306 2719 .
1325 2711 1334 2719 .
1355 2679 1513 2719 sidem
1544 2679 1793 2718 Hermiona
1824 2709 1832 2717 .
1853 2708 1861 2717 .
1882 2682 1916 2716 .’
2015 2678 2122 2718 VIII

221 2738 361 2778 Varro
393 2738 448 2777 de
480 2737 508 2777 l.
541 2739 594 2777 L.
625 2738 688 2778 VI
719 2739 773 2778 94
801 2737 861 2776 M.
895 2737 1179 2789 ‘pellexit‚
1214 2736 1332 2788 quod
1365 2736 1410 2775 in
1442 2735 1707 2782 Hermiona,
1742 2747 1840 2774 cum
1874 2734 1941 2773 ait
1973 2734 2128 2773 Pacu·

219 2794 288 2833 ius
319 2792 409 2833 ...’
443 2794 714 2844 (ermiona
746 2798 793 2834 et
824 2793 1058 2846 paeulus
1089 2793 1229 2839 Flor.)
1362 2792 1425 2831 IX
1456 2790 1570 2831 Non.
1603 2792 1780 2842 178,14
1813 2790 2125 2830 ‘tetinerit

219 2862 298 2901 pro
329 2851 532 2890 tenuerit
561 2853 682 2892 ....’
816 2850 856 2889 X
888 2850 1002 2892 Non.
1034 2851 1105 2895 96,
1144 2851 1161 2888 1
1199 2848 1637 2889 ‘domationem’
1775 2846 1836 2885 XI
1868 2845 1985 2886 Non.
2019 2847 2118 2897 316,

224 2907 274 2945 18
315 2907 617 2958 ‘geminum
659 2919 832 2946 rursum
875 2906 1054 2950 simile)

368 3069 466 3115 166
506 3071 575 3115 cui
614 3069 807 3115 Monac.
848 3069 1088 3115 Diomedis
1207 3081 1379 3128 nequae
1417 3068 1577 3112 Paris.
1607 3067 1651 3110 B
1689 3064 1926 3111 Diomedis
2058 3079 2125 3108 mc

229 3154 318 3184 om.
347 3139 598 3185 Diomedes
708 3142 926 3201 aspiceret
966 3140 1148 3185 Nonius
1185 3140 1405 3198 inspicere
1433 3137 1634 3182 Seruius
1740 3149 1860 3180 meae
1900 3149 1985 3180 om.
2015 3134 2125 3179 Dio-

222 3211 379 3255 medes
417 3216 461 3254 et
493 3210 695 3257 Seruius
805 3209 902 3256 168
942 3209 1116 3255 celebra
1144 3210 1345 3254 Bothius
1382 3206 1558 3252 celebro
1595 3207 1708 3252 libri
1743 3204 1905 3250 celebri
1930 3205 1991 3249 H.
2023 3204 2124 3249 Ste-

218 3280 414 3336 phanus
452 3279 609 3325 crebro
653 3282 844 3328 Vossius
1006 3279 1102 3325 169
1153 3278 1384 3324 benefacta
1432 3278 1517 3322 mci
1555 3271 2123 3322 Mercerus'henesaciam

223 3350 262 3393 ei
300 3351 414 3395 libri
544 3364 677 3411 opera
717 3359 760 3396 16
799 3353 941 3410 uulyo
981 3363 1115 3409 opera
1155 3362 1289 3408 opera
1335 3356 1378 3392 16
1414 3349 1527 3393 libri
1656 3350 1886 3390 autumant
1924 3344 2127 3389 Botliius

222 3425 420 3464 autumat
455 3421 568 3465 libri
682 3421 779 3467 172
819 3429 898 3466 tuo
938 3435 1025 3466 om.
1063 3421 1175 3465 libri
1282 3424 1359 3463 tuo
1396 3417 1559 3462 iudicio
1603 3417 1790 3462 Vossius
1899 3413 2121 3457 tetinerim

223 3488 386 3546 gradus
429 3490 620 3535 Vossius
657 3491 824 3551 grados
855 3490 1076 3535 tetinerim
1102 3490 1215 3534 libri
1250 3487 1406 3532 Graios
1445 3487 1669 3532 tetinerim
1695 3486 1969 3530 dubitanter
1994 3483 2121 3527 Bue-

222 3558 445 3604 chelerus
562 3560 657 3606 173
698 3562 849 3605 Danais
877 3560 1048 3605 Iunius
1072 3563 1120 3604 in
1146 3574 1233 3618 my.
1264 3557 1434 3616 Danaps
1458 3557 1570 3602 libri
1666 3554 1974 3599 domutionem
2012 3553 2125 3597 libri

223 3626 541 3674 domuitionem
582 3632 773 3677 Vossius
810 3630 1098 3675 ‹lomitionem
1133 3631 1322 3688 flayital
1360 3628 1413 3672 L.
1442 3627 1706 3672 Muellerus
1743 3625 1798 3668 cle
1837 3635 1891 3667 re
1916 3637 1973 3667 m.
2001 3620 2105 3668 4-20

307 3713 482 3745 RIBBECK
491 3739 500 3754 ‚
525 3715 661 3749 Scaen.
685 3717 820 3757 fragm.
1744 3722 1766 3759 7
