2299 3803
576 148 655 189 Ex
685 148 968 191 INCERTIS
1000 149 1399 190 INCERTORVM
1431 149 1545 190 ΕΑΒ
1560 150 1692 191 VLIS
1982 151 2084 202 263

1111 279 1152 332 C

474 418 481 427 .
546 395 575 427 o
618 376 806 429 domus
847 377 1090 445 antiqua,
1130 376 1234 428 heu
1278 394 1437 444 quam
1478 374 1676 444 dispari

181 471 284 525 185
323 471 613 524 Domimire
657 472 897 524 domino!

1013 589 1081 643 CI
1123 588 1243 661 (26)

323 685 456 739 Cum
496 690 548 739 te
590 688 909 756 expetebant
952 689 1136 739 ‹inmes
1176 685 1556 739 fiel-en'csssilno

324 784 536 853 Regno,
576 784 786 852 reliqui:
828 788 969 836 minc
1013 784 1281 835 desertum
1324 784 1389 835 ab
1433 784 1680 836 omnibus

324 879 540 932 Summo
584 880 781 948 periclo
825 881 932 931 s‹'›la
978 883 1037 931 ut
1077 880 1356 932 restituam
1397 899 1542 949 paro.

996 997 1094 1052 CH
1135 996 1254 1069 (16)

318 1096 584 1166 Refugere
627 1097 786 1148 oculi:
829 1097 1020 1164 corpus
1061 1096 1227 1148 macie
1270 1096 1529 1148 ext-tibuit:

175 1193 279 1246 190
319 1192 594 1246 Lacrimae
634 1193 884 1262 peredere
925 1196 1109 1245 11111010
1151 1190 1409 1262 exanguis
1451 1209 1639 1261 genas:

288 1355 321 1395 C
356 1355 517 1396 Cicero
550 1356 603 1395 de
639 1356 714 1397 off.
747 1356 768 1395 Ι
791 1359 866 1405 39,
904 1357 981 1396 139
1015 1355 1179 1395 ‘aliter
1211 1355 1364 1408 ampla
1395 1354 1551 1395 domus
1584 1355 1800 1395 dedecori
1831 1368 1969 1406 saepe
2003 1356 2082 1396 do-

170 1413 290 1453 mino
329 1412 401 1462 fit,
445 1415 484 1453 si
525 1418 592 1453 est
631 1413 676 1452 in
717 1426 772 1453 ea
812 1412 1038 1464 solitudo,
1093 1417 1138 1452 et
1177 1413 1370 1452 maxime
1412 1412 1450 1451 si
1489 1411 1737 1464 aliquando
1776 1411 1865 1451 alio
1903 1411 2081 1452 domino

170 1469 309 1510 solita
343 1474 412 1510 est
452 1470 751 1522 frequentari.
812 1469 1016 1510 odiosum
1048 1473 1118 1509 est
1151 1469 1293 1518 enim,
1334 1482 1435 1508 cvm
1476 1482 1502 1507 a
1535 1469 1934 1520 praetereuntibus
1968 1469 2082 1508 diei—

168 1531 262 1567 tur:
300 1539 324 1566 o
358 1526 575 1568 dornus’
617 1539 654 1569 e.
691 1539 729 1578 q.
765 1539 799 1567 s.
864 1525 1011 1578 ‘quod
1051 1524 1230 1577 quidem
1269 1525 1339 1566 his
1379 1525 1658 1577 temporibus
1700 1525 1746 1563 111
1785 1524 1941 1564 multis
1972 1525 2083 1565 lieet

170 1582 357 1623 dicere.'
418 1583 542 1622 Idem
579 1582 695 1622 Phil.
758 1582 802 1621 Π
838 1584 911 1632 41,
949 1584 1028 1622 104
1068 1586 1119 1622 ‘o
1162 1586 1288 1621 tecta
1323 1582 1425 1634 ipsa
1457 1583 1622 1622 misera
1664 1594 1818 1633 quam
1858 1581 2080 1633 dispari

170 1639 418 1692 domiuo!
473 1651 747 1691 quamquam
780 1638 1002 1691 quomodo
1033 1639 1122 1679 iste
1156 1638 1395 1678 dominus?
1438 1639 1518 1678 sed
1551 1643 1704 1678 tamen
1738 1650 1871 1689 quam
1903 1638 1959 1678 ab
1993 1638 2082 1678 dis-

171 1696 266 1747 pari
299 1696 625 1736 tenebantur!’
731 1695 788 1736 CI
820 1694 954 1738 Rhet,
988 1694 1047 1734 ad
1079 1696 1281 1735 Herenu.
1314 1695 1361 1735 ΙΙ
1393 1696 1468 1745 25,
1491 1698 1546 1736 40
1579 1695 1715 1734 ‘item
1746 1694 1965 1733 uitiosum
1996 1699 2079 1745 est,

169 1766 268 1793 cum
299 1752 344 1791 id
379 1752 496 1804 quod
533 1753 579 1792 in
612 1758 774 1805 aperto
808 1751 976 1792 delicto
1009 1752 1203 1804 positum
1237 1755 1306 1791 est
1346 1756 1499 1791 tamen
1533 1752 1692 1802 aliqua
1725 1751 1896 1802 tegitur
1928 1751 2082 1791 defen-

169 1809 318 1858 sione,
352 1808 438 1848 1100
470 1809 624 1849 modo:
666 1821 782 1848 cum
826 1811 903 1848 te’
940 1822 975 1847 e.
1009 1822 1050 1861 q.
1085 1820 1121 1848 s.
1182 1808 1340 1849 Cicero
1373 1807 1426 1847 de
1460 1809 1551 1851 inu.
1582 1807 1603 1846 I
1636 1808 1711 1852 48,
1745 1809 1799 1847 90
1839 1806 1968 1846 ‘leue
2011 1811 2081 1847 est

169 1865 289 1918 quod
320 1896 329 1906 .
350 1896 358 1904 .
378 1896 386 1904 .
417 1866 659 1918 perspicue
693 1869 869 1917 turpem
903 1877 996 1904 rem
1029 1860 1119 1905 1001
1150 1870 1307 1917 tegere
1345 1864 1447 1904 uult
1479 1864 1768 1913 defensione,
1808 1863 1892 1903 hoc
1924 1863 2078 1904 modo:

167 1935 280 1962 cum
319 1926 370 1962 te
388 1925 400 1944 '
435 1935 473 1964 e.
497 1935 536 1974 q.
561 1935 596 1962 s.
640 1921 830 1961 Medeae
856 1922 902 1960 in
924 1921 1115 1962 Pacuuii
1137 1920 1270 1962 Medo
1303 1922 1445 1961 uerba
1469 1920 1658 1973 agnouit
1679 1919 1936 1959 Ladeuicus
1960 1919 2079 1960 anal.

168 1991 290 2018 seen.
323 1992 365 2030 p.
402 1980 451 2019 17
605 1978 689 2019 CII
723 1977 884 2017 Cicero
917 1977 1053 2018 Tusc.
1089 1977 1201 2030 disp.
1233 1977 1303 2018 ΙΙΙ
1337 1980 1409 2027 12,
1443 1979 1496 2017 26
1530 1976 1694 2030 ‘quid‘?
1735 1975 1862 2015 illum
1896 1976 2080 2016 filium

169 2034 316 2076 Solis
356 2048 506 2075 nonne
548 2035 692 2087 patris
732 2035 874 2087 ipsius
913 2033 1013 2074 luce
1054 2033 1288 2086 indignum
1330 2036 1495 2087 putas?
1550 2033 1850 2085 refugere’
1894 2046 1931 2075 e.
1966 2045 2008 2084 q.
2043 2046 2077 2072 s.

168 2091 310 2132 ‘haec
342 2091 490 2141 mala,
531 2105 555 2132 o
599 2091 869 2131 stultissime
902 2090 1101 2139 Aeeta,
1141 2091 1239 2143 ipse
1281 2091 1367 2130 tibi
1405 2089 1646 2130 addidisti:
1688 2102 1779 2129 non
1817 2090 2001 2129 inerant
2032 2090 2079 2129 in

166 2149 257 2197 eis,
292 2160 410 2200 quae
442 2148 528 2188 tibi
560 2161 694 2188 casus
727 2149 990 2188 inuexerat:
1033 2151 1080 2187 et
1112 2147 1291 2200 quidem
1321 2148 1583 2187 inueterato
1614 2146 1755 2197 malo,
1798 2159 1898 2186 cum
1932 2150 2080 2186 tumor

168 2204 308 2244 animi
349 2204 598 2245 resedisset
775 2204 856 2244 sed
904 2217 1082 2244 maeres
1131 2203 1355 2244 uidelicet
1403 2204 1562 2256 regni
1610 2202 1921 2252 desiderio,
1971 2215 2078 2242 non

166 2260 349 2301 filiae.
409 2260 532 2301 illam
571 2263 688 2300 enim
730 2261 892 2301 oderas
933 2264 979 2300 et
1023 2260 1121 2300 iure
1161 2261 1383 2300 fortasse:
1432 2273 1572 2312 regno
1611 2272 1701 2299 non
1741 2272 1886 2312 aequo
1927 2260 2078 2298 animo

167 2318 396 2358 carebas)
456 2317 589 2358 Medo
623 2318 817 2358 Pacuuii
849 2316 1046 2358 reddidit
1078 2316 1365 2358 XVelckerus.

273 2496 372 2544 184
401 2498 489 2542 heu
517 2513 605 2543 om.
639 2496 767 2543 Oehl.
799 2497 996 2543 Bambb.
1028 2513 1056 2542 (ι
1086 2499 1111 2543 b
1141 2495 1277 2542 Goth.
1307 2496 1456 2542 Gudd.
1488 2511 1513 2542 0
1541 2497 1573 2540 d
1609 2502 1654 2541 et
1682 2495 1866 2541 Bermz.
1899 2511 1927 2540 (ι
1950 2496 1975 2540 b
1999 2510 2024 2541 0
2046 2498 2078 2540 d

167 2570 287 2615 Gud.
317 2584 346 2613 α
375 2569 544 2614 Bamb.
584 2569 807 2614 Wuerzb.
848 2575 893 2613 et
932 2568 1018 2613 heu
1059 2569 1144 2613 cclii
1260 2566 1434 2627 dispare
1475 2567 1591 2613 Gna.
1625 2581 1650 2612 0
1689 2580 1712 2610 a
1750 2566 1915 2626 dispari
1956 2566 2075 2612 Gud.

168 2641 200 2684 (2
308 2638 406 2685 185
435 2638 676 2684 dominaris
703 2638 884 2684 domino
915 2639 1064 2685 Gucld.
1096 2640 1121 2684 b
1148 2640 1180 2683 (2
1215 2637 1396 2683 domino
1426 2637 1654 2683 dominare
1683 2637 1801 2682 Gud.
1832 2651 1857 2682 0
1896 2636 2075 2681 domino

166 2709 408 2754 dominaris
438 2710 556 2756 Gud.
586 2722 611 2754 0
649 2709 815 2754 donare
853 2708 1034 2754 domino
1074 2710 1294 2755 Wuerzb.
1411 2708 1507 2754 186
1548 2706 1832 2768 expectabam
1860 2708 1976 2752 Par.
2015 2723 2072 2752 m.

159 2796 241 2840 pr.
284 2779 578 2839 expectabant
618 2779 785 2824 Bamb.
815 2795 845 2824 a
883 2781 1012 2825 Fris.
1057 2780 1217 2825 Tross.
1252 2782 1421 2837 priore
1457 2781 1563 2824 2000
1602 2776 1916 2837 exspectabant
1960 2778 2071 2823 Tur.

167 2853 320 2896 altero
469 2849 565 2895 187
606 2850 650 2894 111
688 2862 830 2908 regno
874 2851 1032 2896 Tross.
1071 2852 1239 2909 priore
1275 2852 1380 2895 2000
1501 2849 1706 2894 desertus
1741 2848 1857 2892 Par.
1898 2863 1956 2892 m.
1993 2863 2071 2906 pr.

166 2937 213 2967 es
252 2920 456 2966 desertus
497 2920 667 2965 Bamb.
704 2935 732 2964 (ι
773 2921 899 2966 Fris.
944 2921 1058 2965 Tur.
1099 2920 1305 2964 desertus
1351 2933 1396 2964 es
1441 2919 1600 2965 Tross.
1641 2932 1741 2963 curn
1781 2918 1988 2963 desertus
2027 2933 2073 2963 es

165 2993 282 3038 Par.
325 3005 451 3037 corr.
493 2991 662 3036 Bccmb.
693 2990 718 3035 b
752 2994 919 3049 priore
957 2993 1062 3037 2000
1211 2990 1309 3037 188
1358 2989 1525 3050 periclo
1566 2990 1822 3035 Lambinus
1871 2989 2072 3048 periculo

109 3099 116 3107 .
163 3064 276 3109 libri
311 3067 515 3121 utroque
551 3063 654 3107 2000
782 3061 875 3106 sola
916 3063 1033 3107 Par.
1074 3064 1226 3107 allero
1264 3063 1396 3117 2000,
1443 3076 1500 3105 m.
1541 3075 1620 3119 pr.
1667 3062 1835 3118 priore
1873 3058 2072 3104 solamen

142 3131 334 3178 *Bamlz
365 3133 390 3177 b
425 3135 597 3195 priore¹
628 3133 729 3177 loco
768 3131 914 3176 solum
947 3133 1061 3177 Tur.
1092 3135 1244 3177 allero
1283 3145 1435 3191 supra
1475 3144 1667 3176 uersum
1704 3129 1828 3175 solus
1856 3132 2006 3174 celeri

166 3210 217 3248 ut
242 3219 328 3250 om.
358 3203 478 3248 Par.
509 3203 676 3247 Bamb.
706 3217 734 3246 (ι
762 3204 890 3248 Fris.
924 3203 1084 3248 Tross.
1107 3205 1277 3261 priore
1303 3205 1408 3248 2000
1538 3201 1769 3246 restitutio
1809 3213 1917 3260 paro
1948 3199 2066 3244 Par.

166 3290 223 3319 m.
261 3289 337 3333 pr.
378 3273 711 3318 restitutionem
749 3286 859 3333 paro
899 3273 1016 3318 Par.
1058 3286 1186 3318 corr.
1216 3274 1384 3318 Bamb.
1412 3287 1440 3316 cc
1470 3273 1597 3316 Fris.
1630 3272 1791 3316 Tross.
1830 3270 2071 3314 restituere

167 3357 376 3404 comparo
419 3344 624 3388 Emmer.
666 3343 780 3402 Erf.
819 3346 986 3401 priore
1023 3346 1128 3388 2000
1276 3342 1372 3389 189
1414 3341 1626 3387 extahrnt
1665 3342 1784 3400 309.
1823 3339 2001 3398 (littera
2042 3354 2069 3383 n

167 3441 427 3500 eaepunctcc)
466 3421 673 3487 extabzint
712 3443 829 3488 Gud.
983 3442 1082 3489 190
1123 3455 1324 3487 1111101οι11
1362 3442 1480 3501 309.
1520 3441 1645 3485 Pe'llz.
1684 3440 1917 3484 humorem
1946 3439 2065 3484 Gucl.

166 3512 327 3558 Bruoe.
436 3514 657 3573 exanguis
698 3512 816 3559 Gud.
859 3527 1084 3573 exangues
1124 3513 1241 3573 Rey.
1281 3513 1404 3558 Pitlz.
1446 3525 1551 3557 cum
1588 3513 1762 3556 ceteris
