2294 3844
239 215 307 264 42
1033 214 1085 263 Q.
1117 211 1337 253 ENNIVS

1069 340 1173 392 VII
1216 339 1299 409 (7)

387 448 572 498 plebes
613 448 668 498 in
709 448 806 498 1109
849 447 958 513 regi
1002 445 1225 496 antistat
1263 445 1400 495 loeo:
1442 445 1563 494 lieet

389 544 702 594 Laerunnire
744 543 907 610 plebi,
946 541 1057 609 regi
1098 541 1321 591 honeste
1364 541 1473 590 non
1513 539 1649 590 lieet.

891 644 1021 696 VIII
1065 641 1189 712 (ine.
1216 646 1354 711 poet.
1381 640 1475 710 20)

1072 739 1306 791 Achilles

389 837 816 904 'Astrologorunl
859 834 1010 904 signa
1058 837 1110 887 in
1153 837 1297 887 93910
1340 834 1546 903 quaesit
1586 834 1858 901 obseruat,
1896 833 2041 885 Iouis

241 936 347 984 200
389 932 521 985 Cum
562 952 718 1000 capra
747 936 839 984 aut
871 952 1004 1000 nepa
1048 936 1141 984 alit
1172 932 1406 983 exoritur
1431 932 1642 982 momen
1684 930 1898 997 aliquod
1937 930 2137 981 beluae.

386 1028 536 1090 Quod
586 1032 666 1080 est
713 1032 835 1080 ante
884 1029 1065 1097 pedes,
1114 1030 1291 1080 noenu
1341 1029 1605 1095 spectant:
1653 1026 1784 1077 caeli
1833 1028 2138 1078 scrutantur

1296 1125 1498 1192 plagas

380 1257 463 1296 VII
499 1257 802 1309 Hieronymus
841 1258 1053 1309 Epitaph,
1093 1257 1338 1309 Nepotiani
1383 1270 1424 1308 p.
1464 1257 1545 1296 598
1585 1256 1726 1305 Mign.
1771 1253 2137 1307 ‘prudenterque

239 1314 413 1352 Ennius
446 1313 660 1364 plebes,
694 1314 782 1360 ait,
821 1314 874 1353 in
907 1314 1036 1354 hoe’
1071 1328 1108 1353 e.
1142 1327 1180 1365 q.
1211 1327 1244 1353 s.
1293 1314 1396 1353 Huc
1427 1311 1607 1352 rettulit
1637 1311 1857 1352 Columna
1901 1314 2138 1352 contracta

238 1382 293 1409 ex
323 1369 596 1426 Euripideis
616 1372 719 1410 446·

573 1430 600 1478 η
635 1423 887 1478 δυσγένεια
920 1419 965 1466 δ’
1001 1419 1061 1474 ὡς
1087 1422 1190 1495 ἔχει
1220 1440 1263 1466 τι
1295 1419 1546 1495 χρήσιμῑζν·

573 1480 653 1522 καὶ
686 1479 775 1547 γάρ
807 1481 1043 1546 δακρῦσαι
1076 1478 1250 1551 ῥᾳδίως
1282 1479 1449 1528 αὐτοῖς
1481 1478 1577 1545 ἔχει

573 1530 764 1579 ἅπαντα
796 1554 820 1580 τ
872 1536 1047 1580 εἰπεῖν·
1081 1538 1144 1591 τῷ
1177 1535 1232 1580 δε
1265 1539 1471 1592 γενναίῳ
1505 1531 1650 1591 φύσιν

571 1587 752 1647 ἄνολβα
784 1596 949 1636 ταῦτα

355 1651 464 1690 VIII
497 1650 655 1692 Cicero
688 1652 742 1692 de
775 1666 865 1704 rep.
898 1653 917 1691 I
952 1654 1024 1703 18,
1056 1654 1109 1693 30
1140 1652 1324 1692 laudato
1355 1653 1492 1691 Ennii
1519 1664 1654 1691 uersu
1688 1664 1790 1690 ann.
1825 1652 1906 1691 335
1939 1651 2038 1690 ‘eui

236 1708 282 1746 in
314 1721 389 1747 ore
422 1720 599 1759 semper
629 1713 759 1748 erant
791 1708 870 1748 illa
894 1709 948 1749 de
979 1709 1284 1760 Iphigenia
1316 1708 1586 1748 Achillis>
1620 1708 1872 1758 (Il-*menni
1895 1707 2136 1747 Acmnnsss

239 1764 336 1803 cod.
443 1764 685 1804 Achillis
716 1765 864 1804 Maius
895 1764 1138 1804 Achillei
1170 1778 1269 1805 eum
1303 1765 1602 1805 Steinaekero
1635 1764 1881 1813 Moserus):
1923 1767 2138 1803 ‘astro-

238 1820 510 1872 logorum'
544 1832 581 1862 e.
616 1834 656 1872 q.
692 1834 726 1861 S.
768 1821 892 1861 Idem
923 1821 977 1861 de
1010 1821 1100 1861 diu.
1135 1821 1179 1860 II
1213 1823 1278 1872 13,
1312 1824 1366 1861 30
1398 1821 1660 1873 ‘physieus,
1702 1834 1787 1872 quo
1820 1833 1985 1872 genere
2024 1819 2139 1858 nihil

240 1876 533 1927 arrogantius
564 1875 723 1928 [201]’.
775 1878 985 1917 Donatus
1016 1878 1062 1916 111
1096 1879 1199 1917 Ter.
1234 1877 1415 1929 adelph.
1441 1879 1507 1917 III
1531 1882 1569 1925 3,
1603 1880 1655 1918 32
1689 1877 1853 1929 ‘quod
1884 1880 2012 1915 ante
2043 1889 2135 1928 pe-

239 1932 334 1972 des
366 1931 518 1973 modo
553 1937 636 1973 est
666 1932 886 1986 uidere]
923 1933 1007 1974 1109
1040 1935 1232 1986 sumpsit
1262 1939 1400 1986 poeta
1435 1934 1487 1973 de
1521 1933 1597 1973 illo
1622 1935 1666 1972 in
1691 1933 1924 1985 physicum
1957 1931 2136 1984 peruul-

238 1993 345 2039 gato
377 1988 665 2028 Achillae’
699 1990 978 2039 (ancillae
1013 1996 1117 2030 ante
1153 1989 1455 2042 Sehopenum)
1490 1990 1662 2029 ι’(119101
1704 1989 1845 2041 quod
1886 1994 1970 2028 est
2007 1992 2136 2028 ante

238 2044 432 2096 pedes,
465 2058 570 2084 non
592 2046 769 2085 uidet:
803 2046 952 2086 caeli
976 2050 1269 2086 scrutatur
1291 2046 1498 2110 plagas.
1508 2050 1519 2069 ’
1562 2046 1739 2085 Seneca
1761 2046 1816 2084 (19
1840 2051 1979 2085 morte
2004 2044 2138 2084 Clau-

237 2102 299 2139 dii
320 2103 345 2141 8
380 2101 511 2152 ‘quid
542 2102 588 2140 in
621 2102 828 2142 eubiculo
852 2116 930 2142 suo
957 2102 1098 2141 f1eiat
1121 2103 1292 2151 nescit,
1326 2108 1372 2142 et
1401 2104 1490 2142 iam
1521 2103 1664 2142 caeli
1697 2107 1988 2141 scrutatur
2017 2100 2136 2153 pla-

238 2159 362 2209 gas?
405 2157 516 2197 deus
555 2156 649 2197 fieri
681 2158 794 2198 uult.
810 2163 821 2182 ²
876 2159 934 2199 cf
972 2159 1109 2198 Varro
1149 2159 1270 2211 apud
1310 2159 1503 2199 Nonium
1543 2173 1584 2211 p.
1619 2160 1722 2208 369,
1754 2160 1795 2198 8.
1828 2160 1931 2207 382,
1962 2159 1990 2197 4
2029 2154 2134 2209 (sat.

235 2213 308 2252 lex
340 2213 525 2253 Maenia
558 2214 610 2257 fr
645 2216 708 2254 VI
740 2214 836 2262 R.):
870 2219 977 2255 ‘nos
1010 2215 1289 2254 admirantes
1323 2215 1439 2266 quod
1472 2229 1631 2255 sereno
1670 2215 1839 2254 lumine
1871 2211 2134 2263 'Ionuisset,

236 2269 380 2309 oculis
421 2269 570 2309 caeli
608 2271 801 2310 rimari
840 2271 1069 2323 plagas?
1130 2273 1355 2311 Laeerum
1395 2275 1531 2321 atque
1571 2273 1795 2310 incertum
1826 2270 1962 2309 Nonii
2001 2271 2135 2309 testi-

237 2327 433 2365 monium
464 2328 634 2378 p.145‚
671 2330 720 2367 13
753 2333 972 2378 ‘nepam
1005 2327 1184 2379 quidam
1217 2340 1426 2366 cancrum
1449 2331 1614 2379 putant
1647 2327 1705 2366 ad
1736 2326 1853 2365 illud
1885 2326 2070 2366 Plauti.

238 2387 283 2420 et
313 2381 426 2420 illud
450 2382 598 2421 31111(1·
633 2387 728 2422 aut
760 2396 875 2423 cum
906 2396 1049 2434 nepa
1082 2388 1203 2422 esset
1226 2383 1444 2423 dubium·
1432 2397 1476 2422 111
1500 2387 1706 2434 utroque.
1749 2396 1851 2421 nam
1874 2395 1980 2422 uere
2011 2395 2131 2434 nepa

238 2438 441 2500 scorpius
486 2438 666 2477 dieitur.
675 2443 686 2462 ’
746 2440 955 2501 Denique
990 2440 1119 2478 iuuat
1152 2434 1357 2478 Platonis
1388 2439 1685 2479 lheaetetum
1722 2453 1763 2491 p.
1799 2440 1879 2478 174
1924 2438 2132 2478 1311(131·9;

237 2488 389 2553 ω’σπερ
421 2491 502 2533 καὶ
537 2493 697 2546 Θαλῆν
729 2486 1137 2546 ιῖστοονομοῦντα,
1171 2491 1205 2533 ω’
1239 2488 1476 2545 Θεόδωρε,
1518 2493 1598 2535 καὶ
1632 2487 1728 2535 ἅνω
1761 2490 2018 2562 βλέποντα,
2052 2507 2134 2535 πε-

238 2542 382 2589 σόντα
417 2546 483 2595 εἰς
517 2547 690 2602 φρέαρ,
732 2547 923 2601 Θρᾷττα
961 2565 1031 2597 τις
1064 2527 1267 2612 ἐμμελὴς
1307 2549 1386 2590 καὶ
1428 2551 1652 2603 χαρίεσσα
1691 2548 1985 2601 θεραπαινὶς
2017 2543 2137 2590 οἷπο

238 2603 427 2669 σκῶψαι
460 2602 665 2657 λέγεται,
700 2599 760 2652 ὡς
792 2621 855 2646 τα
888 2620 991 2674 μεν
1023 2601 1080 2647 ἐν
1114 2599 1331 2671 οὐρανῷ
1363 2609 1733 2670 προθυμοιτο
1768 2602 2020 2671 εἰδέναι,
2069 2602 2131 2646 τὰ

239 2654 287 2700 δ’
322 2657 647 2723 ἔμπροσθεν
680 2655 857 2703 αυτοῦ
889 2659 984 2702 καὶ
1014 2676 1188 2730 παρα
1197 2659 1382 2710 πόδας
1413 2657 1704 2704 λανθανοι
1736 2655 1926 2704 αὐτόν
1959 2655 2134 2703 ταύτὸν

239 2712 290 2758 δε
324 2711 465 2767 aona*
489 2716 683 2770 σκῶμιια
715 2712 791 2759 ἐπὶ
822 2732 1004 2766 παντας
1036 2716 1136 2759 όσοι
1168 2713 1217 2760 ἐν
1241 2720 1505 2771 φιλοσοφία
1539 2716 1772 2772 διοὶγουσι.
1815 2719 1872 2759 ef.
1903 2719 2134 2770 Diogenes

236 2774 449 2813 Laertius
472 2775 491 2814 I
514 2776 553 2823 8,
576 2759 642 2815 34.
703 2775 755 2814 In
786 2779 918 2815 uates
943 2775 1062 2827 apud
1096 2775 1358 2828 Euripidem
1379 2776 1610 2815 inuehitur
1632 2775 1835 2816 Achilles
1866 2774 2012 2815 ι1.955
2037 2786 2133 2827 sqq.

381 2922 477 2966 197
518 2924 700 2967 antistat
738 2926 918 2969 mauult
958 2924 1207 2982 Columna,
1247 2931 1402 2970 recle.-
1442 2925 1508 2983 cf.
1549 2924 1842 2969 Ritscleelius
1881 2934 2047 2981 opusc.
2077 2922 2138 2968 ΙΙ

239 2991 337 3037 559
378 2999 570 3036 antestat
608 2996 748 3053 ualqo
879 2994 975 3039 199
1015 2995 1348 3054 astrologorum
1387 2995 1512 3054 signa
1549 3009 1639 3052 pro
1675 2997 1956 3053 ylossemate
1992 2992 2133 3037 kabel

240 3062 549 3107 Heinriclzius
677 3065 850 3122 quaesit
896 3064 1000 3109 Iac.
1042 3065 1282 3121 Leopardi
1327 3067 1593 3123 effemeridi
1635 3067 1844 3110 lilerariz’
1887 3065 1936 3108 cli
1981 3062 2130 3108 Roma

238 3133 313 3177 IX
351 3131 450 3177 333
478 3146 594 3190 sqq„
638 3132 948 3179 Heinriclzias
987 3133 1199 3188 vaSlT
1241 3136 1344 3179 cod.
1386 3135 1558 3193 quaerit
1583 3135 1743 3179 Maius
1779 3137 1827 3178 in
1867 3134 1937 3177 ed.
1974 3145 2068 3177 sec.

239 3209 470 3260 opseruat:
510 3202 626 3247 Iouis
654 3203 814 3248 Maias
851 3203 1279 3249 OBSERVATIONIS
1315 3207 1414 3249 cod.
1455 3203 1719 3249 obseruant:
1767 3202 1886 3247 Iouis
1915 3201 2132 3247 Naekius

379 3271 481 3318 200
517 3286 692 3317 momen
734 3274 818 3317 Acl.
857 3275 1172 3332 Kiesslinqius
1210 3276 1484 3319 dubitanter
1524 3271 1606 3331 (cf.
1656 3286 1781 3332 quae
1829 3274 1893 3317 ad
1939 3272 2135 3317 Horatii

239 3358 283 3386 a.
320 3357 367 3398 p.
395 3340 494 3388 253
533 3363 601 3378 =
640 3341 738 3388 281
771 3343 953 3408 [13233
994 3357 1093 3403 sqq.
1138 3342 1399 3400 adnotaui.)
1437 3342 1628 3387 NOMEN
1666 3344 1766 3388 cod.
1807 3342 1955 3386 lumen
1982 3342 2127 3386 Hein-

239 3412 419 3456 riclzias
526 3411 680 3457 beluae
720 3413 1032 3458 Heinriclzius
1069 3412 1361 3457 BELVARVM
1400 3412 1476 3469 (m.
1518 3412 1546 3456 2
1585 3414 1768 3468 duplex
1805 3410 1855 3468 L)
1894 3412 1996 3456 cod.

240 3480 336 3526 201
388 3495 537 3525 noenu
579 3489 783 3541 spectant
820 3484 1166 3528 Fleclceisenus
1216 3498 1324 3527 ann.
1372 3484 1551 3540 philoll.
1598 3481 1727 3528 1865
1761 3497 1811 3539 p.
1850 3481 1952 3527 620
1997 3494 2127 3526 nemo

238 3557 408 3610 spectat
449 3550 612 3597 Cicero
650 3566 740 3597 non
780 3552 901 3597 uidet
933 3552 1143 3598 Donatus
