2294 3844
241 179 405 222 LXXII
968 173 1401 218 COROLLARIVM

238 315 513 375 daverunt3
571 311 827 378 quaedam
885 329 987 377 quo
1043 327 1103 360 ex
1167 309 1312 360 fonte
1367 309 1660 377 prodierint
1722 312 1979 364 incertum
2036 315 2128 364 est.

237 402 511 453 pertinent
553 401 728 450 autem
770 398 834 448 ad
875 399 972 449 hoe
1015 416 1182 466 genus
1223 416 1263 449 e.
1305 416 1344 449 e.
1384 397 1574 450 haecz*

305 487 579 555 abigeus
606 480 877 550 ἄπελάτης
906 484 950 534 L
979 484 1195 552 abigeus
1230 483 1365 534 latro
1393 483 1459 534 H
1465 483 1566 535 PS
1586 485 1637 536 V
1656 512 1721 528 =
1751 486 1962 539 Ennius
1987 488 2130 539 300*

305 571 542 639 applar
582 570 628 621 L
668 596 733 612 -—-
777 569 1039 621 Pacuvius
1076 570 1175 620 inc.
1216 569 1319 620 fab.
1361 568 1511 620 LXII

307 654 757 724 aspernabilis
799 652 1226 721 ἔκφαυλισταῐος
1266 654 1313 704 L
1352 681 1418 696 =
1458 654 1647 706 Accius
1683 655 1785 708 555

307 744 629 793 concento
672 739 970 806 συνεπᾴδω
1008 739 1053 790 L
1093 765 1160 781 =
1193 738 1463 791 Pacuuius
1506 740 1612 791 73*

307 827 484 878 euito
528 824 755 891 ἐναρίζω
797 824 844 875 L
883 824 1082 875 euitare
1125 866 1133 875 .
1165 865 1174 874 .
1206 866 1214 875 .
1258 824 1546 876 obtundere
1596 824 1663 876 H
1691 851 1758 868 =
1796 825 2008 878 Ennius
2046 827 2130 894 87,

375 911 565 962 Accius
607 909 723 961 348.

304 995 667 1065 grandinat
707 997 1070 1060 χαλαζοκοπεϊ
1106 994 1152 1044 L
1191 1020 1258 1036 =
1299 994 1564 1047 Pacuvius
1595 1000 1761 1062 praet.
1802 997 1849 1047 4.

236 1082 319 1131 Ad
368 1083 562 1131 certam
609 1081 978 1130 auctoritatem
1030 1079 1276 1146 propriae
1322 1080 1538 1148 tragicis
1587 1081 1671 1131 vel
1720 1084 1860 1132 certe
1922 1081 2005 1132 his
2056 1082 2134 1132 in-

236 1166 420 1234 primis
442 1165 661 1230 antiquo
683 1164 989 1214 testimonio
1020 1165 1251 1215 tributae
1274 1182 1428 1216 voces
1448 1165 1608 1217 haece
1627 1166 1865 1217 revocari
1884 1168 2131 1239 possunt:

306 1251 579 1317 abiugat
617 1245 853 1299 ἀπολύει
893 1249 940 1298 L
979 1275 1045 1290 =
1089 1249 1353 1301 Pacuvius
1391 1249 1530 1316 apud
1567 1249 1806 1301 Nonium

306 1334 695 1387 adauctauit
731 1331 948 1400 ηὐξήθη
990 1334 1037 1384 L
1076 1360 1143 1375 =
1181 1333 1372 1386 Accius
1410 1335 1550 1401 apud
1585 1334 1824 1386 Nonium

308 1421 544 1487 adiugo
600 1417 957 1484 ἑπιζεύγνυμι
997 1419 1043 1469 L
1082 1418 1334 1486 abiugare
1373 1420 1490 1487 (scr.
1535 1420 1808 1489 adiugare)
1847 1420 2132 1489 adiungere

375 1505 630 1555 adducere
672 1501 726 1553 P
757 1527 827 1547 =
866 1502 1132 1555 Pacuvius
1170 1503 1310 1571 apud
1346 1503 1585 1555 Nonium

306 1588 513 1656 amplo
554 1584 681 1650 ὑψεδ
719 1588 767 1638 L
806 1614 873 1630 =
913 1588 1179 1641 Pacuvius
1217 1589 1357 1656 apud
1393 1588 1631 1640 Nonium

305 1674 567 1726 anelare
608 1670 877 1739 ἀντλῆσαι
915 1674 964 1724 L
1002 1701 1070 1717 =
1109 1674 1297 1726 Livius
1334 1673 1473 1741 apud
1510 1674 1727 1726 Festum

307 1759 679 1811 anfractum
718 1760 1012 1826 περιφερές
1046 1759 1095 1810 L
1133 1760 1194 1824 cf.
1224 1759 1335 1811 HS
1358 1786 1426 1802 =
1451 1760 1643 1812 Accius
1669 1760 1807 1828 apud
1834 1760 2131 1812 Varronem

377 1848 428 1895 et
464 1843 703 1895 Nonium
1452 1849 1457 1854 ·

307 1928 590 1980 anxietudo
621 1924 796 1994 ὀδύνη
824 1960 890 1966 -
918 1926 1089 1994 ἄχθος
1111 1929 1158 1980 L
1185 1948 1200 1980 .·
1230 1931 1382 1983 immo
1410 1930 1730 1982 anxitudo
1757 1955 1827 1977 z:
1855 1931 2134 1996 Pacuvius

377 2013 567 2065 Accius
606 2012 744 2080 apud
781 2012 1020 2065 Nonium

307 2118 381 2150 au
397 2117 542 2149 erru
559 2098 863 2149 ncassint
891 2098 944 2149 P
965 2125 1032 2140 =
1062 2099 1327 2152 Pacuvius
1354 2102 1493 2169 apud
1519 2101 1815 2154 Varronem
1845 2106 1896 2154 et
1921 2102 2136 2154 Festum

308 2184 571 2235 camilla
610 2183 780 2250 ἱέρεια
819 2184 867 2234 L
905 2208 974 2228 z
1015 2184 1281 2237 Pacuvius
1319 2186 1458 2253 apud
1498 2186 1795 2238 Varronem

308 2271 525 2321 cicuro
565 2269 846 2320 τιθασεύω
887 2270 934 2320 Ι]
973 2269 1038 2321 cf.
1078 2270 1162 2321 133
1192 2290 1202 2320 ε
1231 2271 1489 2337 cicurare‚
1535 2272 1997 2326 mansuetefacere.
2073 2275 2134 2327 S:

377 2354 633 2419 cicurare,
711 2353 937 2405 militare
1008 2357 1194 2421 (mmo
1252 2357 1496 2425 mitigare
1564 2356 1853 2425 Usenerus)
1921 2378 2136 2412 exorare

378 2437 770 2489 mansuefacere
809 2465 875 2481 =
916 2438 1182 2491 Pacuvius
1218 2441 1356 2508 apud
1394 2440 1691 2493 Varronem

310 2524 363 2575 cl
376 2543 407 2591 y
420 2541 612 2590 peare
652 2527 929 2575 contexere
971 2525 1149 2593 (ivwzo
1186 2528 1490 2596 contegere)
1530 2527 1664 2579 V=
1695 2528 1961 2582 Pacuvius
1998 2531 2136 2598 apud

380 2608 678 2659 Varronem
719 2612 769 2660 et
807 2609 1044 2660 Nonium

356 2768 395 2822 ²¹⁵)
434 2768 678 2810 Brevitatis
713 2782 849 2811 causa
883 2770 1105 2825 glossaria
1139 2770 1319 2825 singula
1351 2771 1421 2813 his
1452 2771 1653 2814 indicavi
1688 2772 1837 2827 siglis:

466 2841 529 2883 B¹
600 2863 653 2878 =
687 2842 912 2886 Bernense
946 2844 1050 2886 XVI
1082 2844 1252 2887 saeculi
1283 2844 1343 2886 IX

467 2916 554 2957 132⁶
600 2936 653 2951 =
967 2924 1050 2961 224
1172 2943 1186 2948 —
1301 2918 1341 2959 X
1373 2918 1448 2961 fol.
1488 2923 1567 2961 193
1602 2934 1701 2974 sqq.

467 2988 561 3030 B²h
604 3009 657 3024 =
1406 3017 1420 3022 -
1494 2997 1575 3035 196
1611 3008 1710 3048 sqq.

469 3062 555 3104 13²c
603 3083 655 3097 =
1007 3091 1019 3095 -
1405 3091 1419 3095 -
1495 3071 1574 3109 198
1609 3081 1708 3122 sqq.

469 3136 532 3177 B³
607 3158 659 3172 =
975 3144 1055 3181 178

469 3209 508 3250 H
603 3232 655 3245 =
689 3211 988 3254 Ililde}:›randi
1022 3213 1157 3267 gloss.
1193 3213 1448 3256 Parisinum

469 3284 502 3325 Ι]
597 3305 650 3319 =
686 3284 950 3327 Labbaeum

473 3357 507 3398 l'
600 3378 653 3393 =
686 3358 862 3400 Placidi
894 3359 1069 3413 glossas

472 3430 499 3472 S
602 3451 654 3466 =
690 3429 1037 3486 Sangallenscm
1068 3433 1165 3476 cod.
1199 3448 1240 3475 n.
1276 3438 1357 3476 912
1394 3447 1509 3476 saec.
1546 3434 1626 3475 Vll
1658 3434 1732 3477 vel
1766 3435 1866 3477 VllI

475 3502 513 3544 V
606 3525 659 3539 -ε
694 3504 942 3548 Vaticanas
975 3506 1036 3560 gl.
1070 3506 1115 3548 in
1148 3506 1199 3549 A.
1235 3505 1327 3548 Mai
1360 3507 1498 3548 auctt.
1534 3507 1663 3549 class.
1699 3507 1758 3549 VI
1793 3514 1873 3552 501
