2299 3803
742 938 1029 1008 SERMO
1084 938 1512 1009 TRAGICVS

179 1301 205 1327 a
239 1287 376 1328 Troia
415 1286 631 1341 adportat
661 1284 774 1328 Pac.
813 1290 894 1330 318
933 1292 1107 1342 pestem

236 1345 370 1397 abige
405 1358 432 1384 a
462 1358 531 1385 me
564 1341 690 1384 Fam.
723 1347 775 1385 27
809 1347 977 1397 repeda
1008 1376 1017 1385 .
1045 1375 1054 1386 .
1081 1358 1107 1384 a

233 1401 460 1441 uestibulo
484 1401 673 1453 gradum
691 1398 803 1442 Pac.
822 1403 905 1442 400
928 1400 990 1454 (a)
1013 1406 1105 1442 sta-

240 1457 362 1496 bulis
396 1457 640 1498 amolimini
662 1455 774 1497 Pae.
802 1459 850 1497 16
882 1471 928 1497 se
963 1471 988 1497 a
1011 1471 1106 1497 ma-

235 1513 292 1552 lis
326 1515 501 1566 spernit
532 1514 687 1565 procul
719 1511 848 1554 E‘rm.
895 1515 971 1554 161
1006 1528 1106 1567 pro-

233 1569 307 1609 cul
347 1582 373 1608 a
414 1571 548 1610 terris
586 1567 744 1621 Pomp.
781 1573 805 1610 5
846 1584 872 1609 3
905 1570 1105 1611 Tantalo

232 1626 391 1666 ductat
438 1639 581 1679 genus
626 1625 714 1667 inc.
754 1624 843 1669 ine.
887 1624 981 1677 sab.
1026 1628 1105 1666 124

233 1682 384 1722 facem
415 1683 530 1723 iacit
564 1696 590 1722 a
622 1683 758 1723 laeua
779 1680 901 1723 Ewn.
928 1686 978 1724 31
1014 1684 1109 1734 qui-

231 1740 315 1779 bus
339 1751 366 1778 a
387 1740 595 1792 partibus
619 1737 716 1780 Att.
732 1741 879 1791 praet.
905 1741 955 1779 12
990 1740 1108 1779 omni

232 1808 259 1834 a
290 1799 419 1848 parte
445 1792 619 1836 Santra
640 1798 665 1835 2
698 1799 886 1836 meritus
918 1809 944 1835 a
976 1796 1106 1836 nobis

231 1849 326 1891 Att.
345 1854 494 1903 praet.
520 1853 570 1892 16
601 1865 746 1892 uacua
769 1866 795 1892 a
825 1852 1106 1892 contumelia

232 1905 346 1948 Pac.
379 1909 462 1950 280
494 1922 520 1948 a
553 1908 663 1948 telis
695 1921 870 1949 uacuus
901 1905 994 1949 Att.
1023 1910 1105 1949 262

231 1977 258 2003 a
291 1965 473 2004 fortuna
506 1965 759 2018 opibusque
787 1965 995 2006 omnibus
1016 1965 1105 2005 De-

234 2025 405 2061 sertum
443 2019 537 2062 Att.
580 2023 661 2062 594
708 2026 945 2075 tropaeum
987 2022 1106 2063 ferre

285 2107 295 2116 .
335 2091 361 2117 a
397 2078 505 2118 forti
540 2079 639 2118 uiro
670 2075 767 2119 Att.
802 2079 882 2118 148
922 2083 1106 2131 arrepta

232 2147 258 2173 a
290 2147 422 2174 socru
452 2131 549 2174 Att.
583 2136 663 2176 196
695 2148 721 2174 a
752 2148 820 2175 me
852 2165 862 2175 .
887 2165 897 2175 .
928 2135 1105 2188 eripere

231 2187 328 2230 Att.
361 2192 442 2231 619
477 2204 502 2230 3
534 2204 666 2231 socru
696 2221 734 2232 ..
765 2196 985 2231 nanctust
1014 2189 1104 2232 inc.

230 2244 320 2287 inc.
341 2244 431 2297 fab.
466 2248 546 2288 108
581 2252 738 2300 petere
763 2261 790 2288 3
812 2260 881 2287 me
903 2245 997 2287 Att.
1024 2249 1106 2289 280

231 2301 293 2354 (3)
325 2302 432 2343 filiis
464 2334 474 2344 .
503 2334 511 2342 .
550 2304 733 2344 obiecta
766 2316 861 2344 sum
893 2300 1020 2344 E‘n‘n.
1052 2306 1105 2345 98

230 2360 353 2398 1ιίΜί
385 2373 412 2399 3
451 2359 536 2399 tali
565 2358 662 2401 Att.
697 2361 775 2401 149
816 2360 994 2400 laudari
1035 2374 1104 2400 me

231 2416 314 2456 abs
365 2420 434 2466 te,
485 2421 641 2469 pater,
691 2431 718 2457 a
767 2416 954 2458 laudato
1007 2418 1104 2458 uiro

229 2468 382 2512 Naeu.
419 2475 471 2513 17

173 2528 238 2568 ab
280 2528 399 2569 ludis
436 2560 445 2570 .
480 2559 490 2568 .

235 2585 492 2638 ginqueoab
527 2585 657 2627 domo
687 2583 813 2628 Eun.
845 2588 899 2628 63
932 2587 988 2627 ab
1019 2586 1105 2628 hoc

231 2641 451 2682 facessite
498 2639 625 2682 Erm.
673 2644 752 2685 136
803 2643 1001 2683 aduenio
1046 2644 1103 2684 ab

230 2697 490 2738 Acherunte
521 2696 611 2739 inc.
642 2696 730 2740 inc.
762 2697 855 2749 fab.
878 2702 930 2741 73
953 2697 1012 2752 (*)
1046 2701 1103 2740 ab

233 2766 288 2793 ea
321 2753 556 2807 depulsum
587 2752 702 2796 Pac.
741 2758 818 2796 192
860 2757 916 2796 ab
950 2756 1104 2796 stabu-

230 2809 288 2850 lis
312 2811 504 2863 abiugat
525 2808 638 2852 Pac.
669 2813 750 2851 222
782 2812 840 2852 36
865 2812 1012 2852 classe
1047 2812 1104 2852 ad

228 2866 385 2907 urbem
407 2867 602 2907 tendunt
622 2864 718 2907 Att.
742 2869 823 2909 318
845 2868 983 2921 longo
1006 2866 1104 2919 (ab)

230 2923 346 2964 itere
383 2953 394 2965 .
418 2954 428 2964 .
465 2923 556 2963 huc
600 2924 772 2964 uadere
802 2922 899 2964 Att.
930 2926 1012 2966 499
1044 2925 1102 2964 36

232 2978 389 3020 limine
414 2979 533 3020 caeli
556 2979 789 3034 Clepsisse
812 2978 909 3022 Att.
931 2982 1010 3022 531
1045 2981 1102 3021 36

234 3035 467 3077 dracontis
507 3037 649 3090 stirpe
686 3068 696 3078 .
731 3067 741 3077 .
781 3042 968 3078 exortus
1003 3035 1102 3078 Att.

229 3093 312 3134 596
351 3093 535 3134 auferre
585 3094 641 3134 ab
687 3095 848 3147 regina
885 3091 982 3135 Att.
1022 3095 1104 3134 649

527 2531 737 2570 nuntium
767 2527 893 2570 Eun.
926 2532 980 2572 34
1010 2529 1104 2571 lon-

1214 1287 1270 1327 ab
1305 1287 1438 1341 Argis
1469 1317 1507 1328 ..

1211 1345 1269 1384 ab
1311 1344 1471 1384 Helles
1512 1350 1649 1396 atque
1699 1345 1756 1385 ab
1795 1346 1925 1386 Ionio
1973 1349 2086 1387 mari

1210 1400 1414 1452 Vrgetur
1442 1398 1532 1441 inc.
1563 1398 1652 1442 i‘nc.
1682 1398 1774 1450 fab.
1810 1405 1889 1443 105
1923 1404 1978 1443 ab
2013 1416 2081 1442 ar-

1210 1458 1293 1496 mis
1331 1488 1341 1498 .
1367 1488 1376 1497 .
1413 1461 1605 1509 porcent
1645 1454 1740 1498 Att.
1781 1460 1862 1499 286
1909 1460 1966 1499 36
2007 1459 2083 1499 do-

1209 1526 1327 1552 mum
1345 1514 1487 1554 itione
1512 1518 1693 1553 arceret
1709 1512 1804 1557 Att.
1833 1517 1912 1555 173
1936 1517 1992 1556 ab
2016 1517 2084 1555 iu-

1210 1570 1318 1622 gulo
1351 1574 1510 1622 pectus
1541 1600 1550 1610 .
1578 1600 1585 1608 .
1624 1570 1843 1623 obtegunt
1872 1569 1969 1612 Att.
2002 1574 2083 1613 257

1213 1627 1334 1678 cepit
1366 1639 1545 1666 cursum
1576 1627 1631 1666 ab
1665 1626 1800 1667 laeua
1822 1625 1917 1668 Att.
1933 1631 2082 1680 praet.

1212 1684 1265 1723 37
1298 1683 1353 1722 ab
1386 1695 1556 1723 summo
1587 1713 1597 1722 .
1616 1713 1626 1724 .
1658 1683 1843 1724 exordio
1874 1682 1965 1726 inc.
1993 1683 2082 1726 inc.

1212 1735 1302 1788 fab.
1338 1741 1414 1780 181
1458 1739 1514 1779 ab
1556 1740 1622 1779 eis
1668 1770 1676 1779 .
1712 1770 1721 1779 .
1767 1745 1927 1793 petunt
1956 1739 2082 1782 Emz.

1211 1797 1293 1835 275
1334 1796 1390 1835 ab
1431 1796 1580 1836 animo
1619 1800 1669 1836 ut
1701 1802 1858 1837 cernat
1893 1798 2082 1838 uitalem

1209 1848 1336 1891 Eam.
1375 1854 1458 1893 300
1497 1852 1728 1893 desertum
1775 1854 1832 1893 ab
1873 1855 2082 1895 omnibus

1216 1905 1305 1948 inc.
1340 1906 1428 1949 inc.
1450 1905 1541 1959 fab.
1568 1909 1645 1949 187

1154 1976 1401 2017 segregare
1441 1966 1535 2005 abs
1576 1969 1626 2005 te
1658 1962 1770 2007 Pac.
1804 1968 1885 2007 327
1917 1968 2083 2008 reicias

1210 2020 1302 2061 Abs
1333 2026 1376 2062 te
1399 2019 1496 2062 Att.
1517 2022 1598 2062 431
1631 2021 1782 2063 demet
1801 2023 1883 2063 abs
1915 2027 1959 2063 te
1992 2022 2080 2065 inc.

1210 2075 1300 2118 inc.
1337 2075 1430 2129 fab.
1469 2079 1523 2118 29
1572 2078 1653 2118 abs
1692 2083 1823 2132 tergo
1861 2077 1959 2121 Att.
2000 2082 2082 2122 604

1211 2134 1294 2174 abs
1326 2139 1371 2174 te
1402 2165 1439 2175 ..
1470 2134 1654 2174 nuntius
1685 2132 1774 2176 inc.
1804 2133 1894 2177 ἐπε.
1914 2134 2006 2186 fab.
2029 2139 2082 2178 23

1211 2190 1293 2230 abs
1333 2196 1376 2231 te
1416 2204 1493 2231 oro
1525 2187 1638 2232 Pae.
1672 2193 1751 2231 122
1792 2204 1961 2243 quaero
1999 2195 2080 2235 abs

1211 2251 1257 2285 te
1275 2244 1372 2287 Att.
1389 2245 1541 2300 343<?)
1560 2247 1704 2287 abste
1723 2249 1891 2288 uiduae
1916 2280 1954 2290 ..
1979 2255 2083 2290 sunt

1210 2299 1335 2344 Eam.
1353 2305 1434 2344 203
1456 2302 1637 2344 laudari
1658 2317 1728 2344 me
1753 2305 1834 2345 abs
1865 2309 1908 2345 te
1930 2303 2079 2346 Naeu.

1212 2361 1262 2399 17
1286 2360 1455 2400 iniuria
1478 2360 1558 2400 abs
1580 2364 1625 2400 te
1647 2359 1824 2401 afficior
1849 2358 1974 2402 Eun.
2001 2365 2081 2403 114

1208 2415 1290 2456 abs
1325 2422 1369 2457 te
1407 2416 1542 2456 datur
1570 2413 1682 2458 Pae.
1717 2419 1742 2458 5

1154 2474 1542 2526 consanguineam
1560 2485 1661 2514 esse
1681 2474 1744 2514 ab
1758 2473 1842 2514 dic
1855 2488 1880 2513 a
1892 2481 1949 2515 nt
1966 2472 2078 2519 Pac,

1209 2530 1262 2569 55
1293 2534 1453 2570 natum
1490 2561 1501 2571 .
1525 2561 1535 2570 .
1575 2530 1739 2570 abdico
1770 2527 1883 2575 Pac.
1917 2534 1998 2572 343
2018 2530 2075 2584 (*)

1154 2584 1396 2627 abditum
1426 2584 1514 2627 ine.
1547 2583 1635 2627 inc.
1666 2584 1757 2638 fab.
1793 2589 1871 2628 154

1153 2642 1422 2684 abducite
1452 2640 1549 2683 Att.
1587 2644 1663 2683 187

1151 2699 1258 2740 inde
1291 2699 1493 2748 abhinc
1523 2696 1637 2739 Pae.
1669 2701 1719 2739 21

1152 2756 1383 2797 abiecta
1421 2756 1569 2809 gloria
1599 2753 1694 2795 Act.
1727 2757 1809 2797 548
1850 2756 2077 2798 desertum

1208 2812 1438 2852 abiectum
1471 2812 1696 2852 afflictum
1726 2809 1822 2852 Att.
1855 2814 1936 2854 595

1153 2869 1405 2921 abiegna
1443 2899 1454 2910 .
1489 2899 1498 2909 .
1538 2867 1692 2908 trabes
1724 2865 1848 2912 Eun,
1880 2871 1963 2910 206
1995 2871 2076 2910 sti-

1208 2924 1349 2977 pitem
1382 2924 1625 2977 abiegnum
1656 2921 1752 2965 Att.
1786 2926 1865 2964 261
1889 2923 1910 2946 ⁸

1152 2981 1277 3022 abie
1291 2986 1344 3020 te
1368 2982 1522 3034 crispa
1542 2976 1669 3025 E‘n‘n.
1687 2982 1741 3022 80
1763 2981 1961 3022 abietem
1981 2981 2077 3024 Att.

1207 3038 1286 3079 331
1311 3035 1333 3057 ²⁸
1363 3039 1444 3079 407

1157 3098 1331 3147 pestem
1363 3094 1526 3147 abige
1559 3107 1586 3134 a
1618 3107 1687 3135 me
1717 3090 1845 3135 Ewn.
1877 3097 1930 3136 27

1539 1287 1672 1328 exulo
1704 1285 1800 1330 Att.
1833 1291 1913 1330 682
1947 1295 2084 1342 ponto

257 3222 464 3264 Notarum,
488 3222 626 3261 quibus
649 3210 691 3254 in
714 3222 787 3254 hoc
810 3222 939 3255 indice
963 3232 1054 3256 usus
1078 3232 1183 3263 sum,
1206 3232 1291 3257 eam
1314 3221 1394 3255 uim
1412 3230 1493 3255 ene
1509 3222 1636 3263 uolui,
1660 3225 1703 3255 ut
1725 3223 1824 3263 quod
1850 3233 1872 3256 a
1891 3223 2075 3258 librorum

173 3280 359 3313 memoria
383 3280 581 3311 diuersum
604 3279 645 3310 in
668 3282 816 3312 textum
841 3281 987 3320 recepi,
1018 3281 1132 3313 stella
1156 3281 1257 3313 nude
1281 3280 1459 3320 adposita
1482 3280 1524 3321 *,
1554 3280 1655 3320 quod
1687 3284 1821 3313 contra
1852 3281 1891 3312 in
1915 3281 2074 3315 adnota-

114 3376 118 3377 ⁷
173 3337 280 3369 tione
304 3340 372 3370 aut
397 3329 439 3369 in
461 3337 698 3376 praefatione
729 3346 806 3369 non
836 3338 1136 3377 inprobabiliter
1165 3338 1362 3371 uideretur
1392 3338 1628 3377 propositum
1661 3346 1759 3377 esse,
1791 3338 1921 3369 eodem
1953 3339 2074 3379 signo,

174 3394 430 3426 semicirculis
460 3393 611 3426 incluso
650 3394 699 3434 (*)
737 3395 986 3428 indicaretur.
1038 3397 1240 3428 Praeterea
1277 3394 1432 3427 circulis
1462 3397 1504 3433 ()
1544 3393 1778 3426 circumdedi
1813 3394 1999 3434 quidquid
2035 3396 2074 3427 in

173 3448 283 3481 libris
314 3460 468 3489 prorsus
503 3451 716 3491 omittitur,
739 3452 849 3496 uncis
874 3453 888 3490 [
902 3454 916 3491 ]
941 3453 1043 3492 quod
1067 3461 1089 3484 a
1115 3453 1349 3492 tragicorum
1374 3451 1479 3490 poesi
1511 3452 1680 3483 alienum
1706 3451 1886 3483 habeam:
1916 3452 2074 3484 interro·

175 3505 291 3545 gandi
316 3507 356 3538 in
380 3508 601 3546 parenthesi
625 3507 767 3548 siglum
791 3509 836 3548 (Ρ)
862 3509 916 3540 eis
941 3509 1085 3548 adieci,
1116 3518 1214 3549 quae
1246 3518 1332 3542 cum
1356 3518 1432 3540 non
1455 3511 1559 3540 recte
1583 3507 1728 3540 tradita
1753 3517 1832 3539 esse
1855 3509 2072 3551 uideantur,

176 3571 195 3595 e
218 3563 329 3596 textu
351 3565 519 3605 remoui3
545 3573 694 3598 crucem
718 3565 738 3602 †
762 3564 926 3604 denique
951 3566 1138 3604 corruptis
1163 3574 1209 3598 ac
1232 3566 1444 3604 desperatis
1466 3565 1573 3597 locis.
