2294 3844
966 261 1024 301 M.
1056 260 1354 302 PAcvv1vs
2013 261 2111 311 125,

344 389 502 461 [Qusa
543 409 646 459 quo
687 391 739 441 id
782 410 967 442 saxum
1008 392 1262 459 inpulerit
1300 392 1435 459 fors,
1481 411 1541 442 eo
1584 391 1768 442 ca'tdere
1810 391 2104 442 Fortunam

1413 486 1729 557 autumant]

341 583 612 636 'Insanum
661 588 837 635 autem
887 603 999 636 csse
1046 586 1222 651 diunt,
1271 585 1395 652 quia
1444 588 1595 635 atrox
1645 582 1849 635 incerta
1891 585 2109 634 instabi-

1414 678 1585 748 lisque
1628 681 1716 731 sit:

196 777 303 828 370
344 774 568 828 Caecum
617 777 685 828 ob
726 795 842 829 eum
883 796 995 828 rem
1036 796 1149 829 esse
1207 776 1429 845 iterant,
1479 777 1603 844 quia
1651 777 1726 827 nil
1776 777 1959 827 cernat
2005 796 2108 844 quo

1409 892 1521 924 sese
1563 873 1820 940 a'tdplicet:

344 969 590 1038 Brutum,
645 970 768 1038 quia
824 970 1046 1039 dignum
1102 972 1259 1038 {itque
1323 970 1611 1039 indignum
1667 971 1898 1037 nequeat
1952 970 2110 1020 inter-

1416 1068 1650 1118 Πόδαργε).

346 1162 485 1215 Sunt
525 1166 704 1215 autem
745 1164 834 1215 alii
868 1162 1204 1231 philosophi,
1245 1164 1334 1231 qui
1376 1165 1565 1215 contrat
1590 1162 1886 1214 Fortunam
1911 1166 2113 1231 negant

196 1290 249 1329 id
288 1303 391 1329 non
431 1289 579 1330 forte
621 1294 715 1329 aut
755 1289 986 1329 fortuna
1019 1290 1230 1342 optigit
1262 1290 1422 1331 Bamb,
1456 1289 1481 1328 b
1515 1289 1657 1340 Fris,
1700 1289 1789 1328 nisi
1822 1287 1938 1340 quod
1976 1301 2106 1328 nau-

193 1346 379 1399 fragis
419 1351 465 1388 et
505 1347 714 1399 obtigit
754 1347 867 1387 Fris.
902 1360 1022 1386 nam
1061 1347 1365 1399 naufragio
1407 1358 1486 1385 res
1520 1347 1600 1385 ita
1639 1345 1903 1397 contigit.
1972 1358 2104 1397 ergo

192 1402 246 1443 id
277 1416 319 1443 n.
353 1403 381 1446 f.
414 1417 453 1444 a,
488 1405 520 1446 f.
553 1417 592 1445 ο.
624 1404 777 1443 Tross.
812 1403 1140 1455 naufragus.
1201 1416 1390 1455 nempe
1432 1415 1520 1442 res
1553 1402 1814 1453 contigit.
1883 1414 2013 1454 ergo
2055 1402 2108 1440 id

193 1472 236 1500 n.
272 1459 301 1499 f.
335 1474 377 1502 a.
411 1460 442 1500 f.
478 1475 515 1503 o.
548 1460 707 1501 Bamb.
731 1473 757 1499 a
789 1460 1111 1512 naufragus.
1174 1473 1363 1512 nempe
1399 1473 1493 1499 rex
1524 1459 1844 1510 naufragio.
1912 1471 2108 1509 nempe

192 1529 279 1557 res
315 1517 430 1556 ista
473 1517 772 1569 contingit.
835 1529 963 1568 ergo
1004 1516 1059 1556 id
1099 1529 1140 1555 n.
1184 1516 1214 1555 f.
1250 1530 1290 1556 a.
1335 1517 1364 1555 f.
1407 1530 1446 1556 o.
1480 1517 1587 1557 Tur.
1655 1516 1782 1565 Quae
1825 1514 2104 1554 scholiastae

193 1572 467 1624 doctrinam,
501 1587 591 1614 non
623 1573 812 1613 Pacuuii
844 1574 1002 1625 poesin
1034 1577 1272 1625 praestare
1306 1572 1422 1612 uidit
1454 1573 1745 1611 Hermannus
1769 1571 1956 1622 Ephem.
1980 1571 2105 1623 Lips.

195 1629 301 1670 1828
341 1643 385 1672 n.
420 1633 497 1671 113
529 1643 628 1683 sqq.
693 1630 890 1669 Pacuuii
921 1642 1105 1670 uersum
1138 1631 1215 1681 qui
1248 1630 1491 1670 restituere
1525 1628 1769 1668 uoluerunt
1800 1630 1933 1666 uaria
1964 1631 2103 1680 ternp-

192 1691 431 1726 tauerunt:
473 1686 777 1738 naufragio
818 1699 906 1726 res
947 1687 1216 1739 contigit3
1268 1699 1461 1738 nempe
1502 1699 1632 1735 ergo
1674 1684 1813 1723 haud
1857 1684 2109 1724 Fortuna·

193 1743 405 1795 obtigit
427 1743 648 1792 Orellius3
682 1741 986 1794 naufragio
1020 1755 1235 1794 nempe:
1271 1756 1401 1795 ergo
1436 1743 1488 1781 id
1513 1743 1727 1781 factum
1755 1741 1927 1788 forte,
1960 1741 2105 1779 haud

193 1799 427 1839 fortuna
470 1800 678 1852 obtigit
719 1799 972 1839 Salmasius
1013 1811 1155 1840 exerc.
1196 1799 1311 1839 Plin.
1353 1813 1394 1851 p.
1425 1800 1528 1847 873;
1571 1796 1872 1849 naufragio
1914 1811 2104 1848 nempe

192 1869 322 1908 ergo
354 1857 402 1895 id
436 1862 731 1907 structum,
776 1856 907 1895 haut
940 1856 1085 1896 forte
1130 1856 1355 1895 fortuna
1394 1856 1628 1908 obtigit,
1672 1859 1927 1906 praeeunte
1971 1854 2106 1893 haut

192 1913 337 1952 forte
380 1913 605 1953 fortuna
647 1912 965 1965 Oudendorpio
1014 1917 1060 1952 et
1106 1916 1386 1952 structum
1425 1913 1795 1963 Bezzenbergero
1839 1910 2104 1950 Fleckeise-

192 2031 378 2076 uolubili
417 2033 524 2077 add.
564 2047 621 2075 m.
665 2028 765 2089 all.)
813 2032 971 2076 Tross.
1014 2045 1239 2090 snxeoquc
1289 2033 1455 2076 instare
1502 2030 1638 2090 globo
1679 2030 1934 2090 praedicant
1976 2031 2103 2075 uolu-

192 2102 265 2146 bili
306 2102 472 2147 Bamb.
525 2104 550 2147 b
590 2103 717 2146 Fris.
768 2115 792 2144 a
832 2116 959 2147 corr.
1002 2116 1101 2147 rec.
1151 2103 1334 2161 saxique
1383 2103 1523 2146 instar
1575 2100 1753 2161 globosi
1802 2115 1901 2146 csse
1951 2103 2104 2146 dicunt

193 2172 435 2217 uolubilem
481 2174 593 2218 Tur.
635 2174 816 2233 saxique
854 2174 1000 2217 instar
1039 2172 1217 2232 globosi
1265 2186 1362 2217 csse
1411 2171 1656 2217 uolubilcm
1697 2173 1865 2216 Bamb.
1909 2187 1936 2216 a
1976 2173 2100 2216 Fris.

184 2258 266 2302 pr.
307 2259 362 2288 m.
431 2245 558 2289 Vnde
597 2245 707 2288 alii.-
754 2257 952 2302 saxoque
1000 2243 1118 2287 illam
1158 2244 1323 2287 instare
1364 2242 1555 2303 globoso
1596 2258 1637 2302 p.
1681 2241 1948 2299 nolubileni,
1997 2244 2102 2287 alii.-

189 2315 373 2373 saxiquc
412 2328 510 2358 csse
549 2316 689 2359 instar
727 2313 905 2373 globosi
944 2329 988 2374 p.
1029 2313 1297 2372 uolubilcm⁷
1337 2316 1463 2372 qumi
1495 2314 1767 2371 probarunt
1794 2314 2104 2358 Hermannus

189 2388 237 2430 in
278 2385 475 2443 Ephem.
516 2387 652 2443 Lips.
686 2383 819 2430 1828
860 2400 905 2429 π.
941 2384 1036 2429 113
1065 2398 1166 2443 sqq.
1208 2392 1251 2429 el
1291 2385 1574 2444 Sperzgselius
1615 2384 1756 2428 Nam.
1797 2384 1864 2428 lit.
1909 2383 2099 2428 Monac.

194 2454 326 2501 1846
356 2471 410 2514 p.
448 2456 550 2502 910
700 2454 916 2516 globosso
955 2459 1001 2500 in
1042 2454 1203 2515 globos
1244 2469 1376 2515 posse
1415 2458 1571 2500 latere
1611 2455 1729 2500 uidit
1776 2455 2102 2499 Baecleeleras

346 2527 540 2572 Versum
580 2526 679 2573 368
720 2528 935 2584 spurium
975 2540 1145 2571 censeo
1274 2528 1375 2586 qnia
1414 2539 1503 2586 quo
1546 2521 1610 2587 id]
1654 2526 1754 2584 quia
1799 2538 1889 2584 quo
1931 2524 2099 2570 Bamb.

191 2612 219 2640 a
259 2598 386 2642 Fris.
432 2598 571 2654 Tun,
617 2599 844 2655 probauit
884 2603 998 2656 post
1049 2596 1274 2642 Orelliam
1319 2597 1603 2657 Spenyelius
1647 2598 1679 2641 l.
1721 2598 1751 2640 l.
1803 2595 1845 2639 id
1896 2610 1949 2640 eo
2001 2597 2099 2655 quia

190 2681 279 2726 quo
319 2668 488 2713 Bamb.
531 2669 556 2713 b
601 2668 641 2713 id
693 2682 781 2727 quo
822 2669 938 2713 Par.
973 2683 1051 2726 pr.
1092 2683 1175 2726 m.‚
1220 2670 1396 2726 probat
1439 2673 1546 2725 post
1597 2667 1883 2712 Salmasium
1923 2667 2098 2711 Fleclc-

190 2741 392 2784 eisenus.
432 2739 474 2783 id
524 2738 645 2798 quod
688 2739 908 2784 Waerzb.
946 2738 1053 2797 Erf.
1099 2738 1289 2798 ideoque
1333 2740 1449 2783 Par.
1495 2752 1622 2784 corr.
1672 2739 1836 2782 eadem
1887 2753 1944 2782 m.
1999 2737 2098 2781 idco

190 2808 432 2854 uolubiletn
484 2811 585 2869 quia
629 2810 787 2854 Tross.
819 2824 901 2866 pr.
944 2825 1002 2854 m.
1052 2809 1153 2853 ideo
1196 2809 1439 2854 uolubilem
1491 2823 1581 2868 quo
1627 2807 1783 2853 Tross.
1824 2822 1952 2853 corr.
2001 2809 2100 2866 quia

190 2893 280 2938 quo
320 2886 371 2923 ut
411 2880 613 2925 Bollzius
721 2879 936 2939 inpulerit
988 2881 1208 2925 Wuerzb.
1248 2880 1478 2940 impulerit
1517 2880 1628 2924 libri
1655 2880 1878 2937 plerique
1915 2878 2100 2937 impule-

187 2957 258 2994 rat
298 2949 410 3008 Erf.
544 2950 723 2995 fortuna
764 2957 995 2994 autumant
1035 2950 1319 3010 Speayelius
1365 2951 1624 2995 secundam
1664 2951 1766 2995 cod.
1807 2949 2098 2994 Emeranam

193 3020 373 3065 fortuna
413 3027 491 3065 aut
529 3021 708 3065 humani
760 3021 980 3066 Waerzb.
1140 3021 1259 3067 369.
1300 3021 1402 3066 370
1439 3025 1633 3066 inuersa
1673 3021 1838 3065 ordine
1874 3022 2100 3079 loquatur

332 3091 431 3137 369
472 3105 570 3136 esse
606 3091 946 3149 Hermmmus,
996 3106 1083 3136 om.
1122 3093 1256 3149 libri,
1305 3104 1422 3151 quos
1470 3094 1552 3151 qui
1597 3097 1827 3136 secuntur
1876 3090 2101 3136 uocabuli

189 3168 316 3207 atrox
351 3164 626 3220 prosodiam
664 3165 914 3222 z'9norant:
964 3167 1173 3207 ceterum
1221 3164 1344 3207 aiunt
1393 3162 1764 3221 monosyllabmn
1813 3174 1918 3206 esse
1965 3174 2096 3205 num-

189 3247 331 3289 quam
369 3235 502 3279 uolui
538 3229 620 3292 (cf.
659 3233 1007 3278 Fleckeisenus
1046 3236 1182 3291 epist.
1224 3235 1288 3277 ad
1323 3233 1386 3277 M.
1418 3232 1666 3277 Herlzium
1711 3233 1767 3276 cle
1810 3231 2098 3290 s7·a9nzentis

190 3309 405 3349 uelerum
442 3310 694 3361 poetarum
736 3305 868 3362 apud
906 3303 1102 3348 Gellium
1141 3306 1352 3348 seruatis
1391 3319 1436 3347 a.
1478 3302 1611 3349 1854
1650 3304 1764 3347 (lala
1797 3317 1849 3359 p.
1889 3300 1968 3357 10)

189 3413 406 3460 instabilis
447 3417 532 3461 siet
570 3417 882 3462 Hermannus
1050 3415 1153 3461 370
1196 3429 1295 3460 csse
1335 3431 1421 3461 om.
1462 3415 1630 3460 Bamb.
1673 3415 1698 3458 b
1843 3382 1926 3471 qtia
1966 3412 2051 3456 secl
2085 3423 2098 3454 1

190 3499 248 3528 m.
290 3487 373 3530 alt.
400 3499 553 3545 supra
590 3490 793 3545 inposito
821 3487 932 3545 Erf.
974 3500 1058 3545 qua
1101 3486 1226 3530 Fris.
1346 3485 1537 3545 adplicet
1575 3485 1795 3529 Wuerzb.
1828 3482 1937 3540 Erf.
1979 3480 2095 3540 appi.

193 3556 343 3598 ceteri
447 3556 548 3602 372
588 3564 736 3602 autem
776 3572 862 3602 om.
908 3557 1024 3605 Tur.
1135 3555 1313 3601 fortuna
1344 3557 1512 3601 Bamb.
1540 3557 1590 3611 b,
1632 3554 1824 3598 Grotius
1931 3557 2098 3611 negant

191 3624 306 3669 Par.
349 3626 570 3671 Wuerzb.
604 3628 732 3685 Erf.,
762 3628 1075 3672 Hermamms
1114 3632 1284 3686 negent
1324 3629 1475 3671 ceteri
1509 3625 1620 3669 libri
