2294 3844
1003 249 1063 287 M.
1100 246 1394 287 PAcvvws
2048 245 2146 296 105

1077 376 1153 427 IX
1197 375 1316 446 (21)

391 474 445 526 Si
488 475 658 542 re'sto,
698 475 878 542 porgit
918 477 976 525 rit
1016 492 1153 524 eam:
1205 473 1246 523 si
1289 473 1361 523 irc
1404 474 1589 539 ednor,
1630 472 1877 539 prohibet
1919 473 2145 523 baetere.

1090 569 1138 620 X
1181 566 1301 639 <)Ο)

389 666 664 720 Custodite
705 666 879 718 istunc
921 684 1153 733 uos‚11e
1196 666 1303 717 uim
1345 665 1463 733 qui
1484 666 1675 717 attolat
1717 684 1850 717 neue
1893 665 2107 733 affigat

1071 761 1148 812 XI
1191 742 1326 830 (13)
1398 758 1403 759 ⁷

389 860 630 929 Linguae
670 859 903 911 bisulcae
944 859 1086 910 iaetu
1128 858 1300 925 crispo
1343 858 1547 926 stilo-ere

1082 953 1190 1005 XII
1231 950 1312 1023 (3)

241 1054 349 1105 230
1135 1050 1324 1101 mulier
1365 1048 1729 1119 egregiissiina

392 1149 587 1201 Forma

899 1220 1032 1272 XIII
1075 1218 1239 1290 (Eun.
1280 1218 1493 1289 Medus)

390 1319 652 1371 Caelitum
693 1315 928 1386 eallll‘lla,
969 1320 1247 1386 expectata
1289 1317 1530 1369 aduenis:
1572 1318 1739 1386 salue,
1780 1319 2015 1387 hospita!

389 1512 571 1564 Vitam
613 1529 920 1581 propagans
962 1511 1219 1562 exanimis
1261 1510 1519 1562 altaribus

354 1639 417 1679 IX
460 1638 574 1678 Non.
607 1639 673 1688 77,
714 1639 767 1677 25
812 1637 1060 1677 ‘beter'e
1101 1634 1362 1701 (bae-tere
1403 1637 1580 1689 Bamb.)
1623 1637 1808 1677 ‘idest
1848 1637 2054 1678 ire...
2102 1639 2151 1680 P

240 1696 439 1748 Nyzptra
482 1707 562 1734 uos
595 1695 702 1734 hinc
733 1693 972 1734 defensum
1004 1694 1202 1746 patriam
1237 1693 1281 1732 in
1316 1706 1527 1745 pugnam.
1589 1694 1712 1734 Idem
1743 1694 1886 1734 bibite
1919 1693 2073 1734 Medo:
2113 1695 2151 1733 si

241 1756 390 1792 resto'
424 1765 461 1792 e.
495 1764 535 1803 q.
568 1764 601 1794 s.
635 1751 896 1803 (pugnam
928 1751 1122 1792 betite.
1173 1749 1324 1789 Idem
1356 1748 1528 1802 Iunius)
1626 1751 1661 1789 X
1697 1750 2045 1802 Diomedest.
2072 1751 2153 1790 378

239 1809 335 1852 1³ss
352 1809 530 1860 attingo
562 1839 598 1848 ..
620 1839 628 1847 .
660 1808 912 1859 reperimus
948 1806 1067 1859 apud
1100 1806 1343 1846 nonnullos
1377 1812 1608 1852 auctores,
1655 1808 1817 1859 quibus
1860 1806 2150 1858 eloquentiae

240 1870 285 1904 et
326 1864 588 1916 elegantiae
628 1864 800 1903 tributa
841 1868 911 1903 est
949 1863 1123 1916 opinio,
1165 1863 1261 1903 sine
1302 1876 1329 1901 n
1370 1863 1529 1902 littera
1561 1863 1752 1913 dietum,
1794 1864 1926 1916 quasi
1964 1864 2151 1915 attigo

242 1921 427 1973 attigis,
459 1925 509 1960 ut
539 1921 587 1960 P.
621 1921 666 1959 in
698 1919 832 1960 Medo
863 1924 956 1961 ...²
992 1919 1192 1968 (medio
1227 1920 1330 1962 Par.
1363 1920 1423 1970 A)
1484 1919 1598 1959 Non.
1631 1922 1736 1970 246,
1771 1922 1795 1960 3
1829 1919 2150 1969 ‘attollere‚

241 1977 421 2017 afferre.
453 1977 502 2016 P.
535 1977 670 2016 Medo
708 2006 718 2016 .
746 2007 754 2016 .
781 1980 816 2015 .’
953 1975 1017 2015 XI
1048 1975 1164 2015 Non.
1196 1977 1301 2025 506,
1338 1977 1388 2015 16
1422 1976 1678 2029 ‘fulgere
1713 1982 1919 2028 correpte
1953 1989 2031 2027 pro
2064 1976 2151 2015 ful-

241 2047 347 2085 gere
378 2064 388 2074 .
408 2064 416 2072 .
436 2064 445 2072 .
476 2033 525 2073 P.
557 2033 691 2073 Medo
723 2064 731 2072 .
751 2036 815 2073 ..³
933 2032 1023 2072 XII
1054 2032 1320 2072 Priscianus
1353 2032 1422 2073 111
1453 2046 1494 2084 p.
1527 2035 1608 2073 600
1640 2034 1689 2073 Ρ.
1724 2033 2054 2073 ‘uetustissimi
2086 2037 2151 2072 ta-

242 2103 342 2130 men
382 2090 710 2142 comparatiuis
751 2089 1087 2128 huiuscemodi’
1121 2088 1199 2137 (sc.
1233 2088 1371 2140 piior‚
1407 2087 1608 2140 arduior)
1649 2093 1782 2129 ‘sunt
1812 2091 1883 2129 usi
1913 2120 1922 2130 .
1950 2120 1958 2128 .
1985 2120 1993 2128 .
2024 2090 2072 2131 P.
2105 2090 2151 2128 in

245 2147 380 2186 Medo
410 2178 420 2187 .
445 2177 455 2187 .
482 2150 518 2186 .'
559 2144 872 2197 (Paeubius
903 2146 1016 2198 Reg.
1049 2145 1206 2184 Bamb.
1229 2144 1365 2188 Halb.
1390 2145 1526 2197 Sang.
1552 2145 1676 2186 Grut.
1700 2145 1893 2185 Karolir.
1969 2145 2150 2185 Medio

241 2204 351 2255 Reg.
378 2216 434 2242 m.
462 2206 481 2241 1
506 2202 635 2242 Grut.
662 2202 857 2241 Karolir.
886 2201 1074 2241 mecho
1097 2200 1254 2253 Sang.)
1374 2201 1482 2241 XIII
1510 2202 1650 2240 Varro
1681 2201 1736 2241 de
1770 2201 1798 2242 l.
1822 2202 1874 2241 L.
1902 2203 1985 2242 VII
2017 2203 2070 2242 34
2093 2201 2151 2240 M.

241 2260 315 2299 ‘in
354 2259 562 2299 Medio:
605 2259 846 2299 caelitum'
889 2271 925 2297 e.
967 2271 1007 2310 q.
1050 2270 1083 2296 s.
1143 2258 1447 2297 ‘camillam
1489 2258 1566 2309 qui
1610 2258 1888 2310 glossemata
1928 2259 2148 2309 interpre-

239 2316 325 2356 tati
365 2316 579 2356 dixerunt
618 2315 968 2357 administram,’
1031 2312 1247 2361 (Medio
1281 2314 1415 2356 Goth.
1451 2315 1601 2353 Haun.
1635 2315 1739 2357 Par,
1772 2315 1797 2354 b
1840 2314 1996 2354 Medo
2030 2314 2149 2353 Flor.

244 2373 348 2412 Par.
380 2372 424 2424 a)
459 2371 644 2412 Seruius
675 2373 721 2411 in
754 2373 864 2414 Aen.
897 2370 961 2410 XI
993 2373 1074 2411 543
1108 2370 1252 2410 ‘unde
1285 2371 1516 2422 Vergilius
1555 2371 1671 2411 bene
1705 2371 1771 2410 ait
1802 2371 2035 2411 Metabum
2069 2369 2152 2410 Ca-

242 2429 413 2469 millam
447 2428 711 2481 appellasse
744 2428 906 2478 filiam,
941 2427 1120 2467 seilicet
1142 2427 1325 2467 Dianae
1358 2427 1627 2469 ministram.
1669 2427 1783 2466 Nam
1816 2430 1861 2467 et.
1882 2428 1932 2467 P.
1967 2427 2013 2466 in
2043 2428 2151 2467 Me-

242 2485 345 2525 dea
379 2498 493 2525 cum
535 2484 596 2525 de
628 2485 823 2526 Medea
865 2483 1201 2536 loqueretur
1230 2487 1320 2524 ...³
1382 2483 1553 2524 Eadem
1594 2483 1735 2524 habet
1765 2483 2024 2523 Macrobius
2057 2483 2150 2522 Sat.

242 2542 308 2582 111
332 2543 370 2590 8,
397 2543 420 2581 7
453 2541 770 2593 (Pacubius
801 2541 927 2587 libri,
961 2541 1047 2581 nisi
1082 2540 1199 2592 quod
1233 2540 1546 2593 pachubius
1577 2539 1742 2589 Paris.)
1860 2540 1965 2580 XIV
1998 2539 2151 2581 Schol.

241 2597 400 2638 Veron.
436 2599 483 2637 in
514 2597 625 2638 Aen.
647 2598 685 2637 V
717 2599 770 2638 93
802 2611 841 2651 p.
864 2599 918 2638 94
941 2597 1066 2637 Keil.
1101 2596 1341 2636 ‘altaria
1372 2596 1532 2637 limina
1561 2619 1611 2624 —
1645 2619 1697 2624 —-
1721 2598 1770 2637 P.
1803 2597 1849 2636 in
1883 2594 2148 2648 (M)ed(0)

307 2658 341 2694 .’
376 2652 463 2706 (sic
496 2657 615 2695 teste
648 2655 936 2694 Herrmanno
969 2653 997 2697 l,
1032 2653 1060 2693 l.
1092 2653 1252 2694 Medo
1283 2652 1454 2704 Maius)

385 2803 485 2850 227
525 2804 733 2864 pergitur
772 2817 866 2848 eam
904 2804 1017 2848 libri
1051 2803 1228 2862 pergit,
1279 2809 1329 2847 ut
1378 2816 1472 2847 eam
1511 2803 1768 2848 Mei-cerus
1888 2800 2067 2846 baetere
2105 2804 2152 2846 in

239 2877 456 2920 lemmate
483 2875 671 2931 Bcemb.,
714 2875 1063 2920 commendauit
1088 2873 1435 2918 Fleckeisenus
1472 2872 1625 2917 hetere
1650 2875 1761 2919 libri
1879 2871 1977 2918 228
2018 2872 2152 2915 istum

246 2946 430 2991 Nonius
467 2945 587 2990 hunc
612 2945 862 2990 Diomedes
971 2957 1026 2987 ne
1065 2957 1165 2987 eum
1207 2945 1281 3003 qui
1322 2944 1506 2988 Nonius
1544 2957 1598 2988 ne
1639 2945 1739 3003 quis
1780 2944 1866 2987 uim
1905 2942 2155 2988 Diomedes

348 3015 525 3060 attollat
553 3016 736 3061 Nonius
763 3014 925 3059 attulat
951 3014 1200 3059 Diomedes
1287 3027 1401 3058 neue
1430 3014 1504 3072 qui
1533 3015 1693 3074 attigat
1722 3014 1905 3059 Nonius
2013 3008 2150 3073 neue]

246 3087 349 3130 neui
388 3086 624 3131 Diomedis
660 3085 885 3143 Menum,
937 3086 1064 3143 quod
1099 3085 1201 3128 niue
1240 3087 1593 3142 interpretatur
1631 3085 1966 3144 Isiesslinyius.
2007 3097 2154 3142 neque

245 3157 347 3202 cod.
390 3156 605 3214 Scioppii
771 3153 869 3201 229
910 3154 1064 3215 lingue
1103 3154 1270 3199 Bccmb.
1424 3153 1620 3199 bisulcae
1671 3156 1730 3200 N.
1772 3155 1932 3199 Faber
1970 3152 2151 3197 bisulcis

239 3227 375 3271 libri.-
414 3241 478 3271 cm
517 3225 742 3271 bisulces?
877 3226 994 3269 iactu
1033 3225 1092 3269 N.
1119 3225 1283 3269 Faber
1321 3231 1421 3269 actu
1458 3225 1571 3270 libri
1721 3224 1823 3270 230
1862 3223 2151 3283 egregissima

245 3296 408 3354 Grac..
455 3309 622 3342 uerum
661 3309 765 3342 esse
803 3297 917 3341 (licit
944 3295 1186 3354 Berylcius
1211 3297 1358 3354 symb.
1400 3296 1465 3340 ad
1486 3310 1685 3355 gramm.
1714 3296 1820 3340 Lat.
1847 3295 1876 3340 I
1901 3293 1981 3339 91.
2022 3305 2150 3351 egre-

243 3370 443 3454 gis¹isima
481 3394 630 3455 Sany.
773 3393 872 3439 232
916 3394 1097 3439 celitum
1138 3400 1182 3440 et
1221 3394 1364 3453 ospita
1402 3394 1536 3439 Flor.
1649 3392 1749 3439 233
1791 3391 1998 3437 exanimis
2039 3404 2149 3434 con-

240 3467 428 3508 iectura
458 3467 768 3523 periclitatus
806 3477 963 3510 eram.-
1002 3474 1144 3524 quam
1183 3477 1322 3521 uere,
1362 3464 1596 3510 dubitauit
1621 3463 1867 3520 Hauptizcs
1904 3464 1951 3505 in
1987 3461 2148 3505 relati.

243 3537 497 3579 menstruis
534 3537 671 3580 acad.
712 3535 930 3580 Berolz‘n.
973 3534 1107 3581 1858
1139 3550 1192 3593 p.
1234 3533 1350 3581 664.
1393 3535 1568 3578 exanin.
1595 3531 1642 3592 (i)
1686 3533 1787 3577 cod.
1839 3536 1953 3576 leste
1991 3530 2147 3576 Herr-

244 3617 416 3649 manno
450 3606 483 3649 l.
521 3607 554 3651 l.
595 3619 648 3650 ex
686 3605 772 3649 aris
812 3610 856 3649 et
893 3605 1078 3661 Maius,
1119 3606 1184 3650 H.
1214 3606 1416 3651 KeiliuS.
1473 3606 1547 3648 An
1586 3617 1639 3648 ex
1677 3601 1839 3646 nouis?
