2294 3844
257 173 291 213 X
302 173 334 213 X
979 165 1409 210 etnu‘JLLARIVM

403 305 557 354 11110
592 323 663 371 sq.
697 322 836 354 1111116
872 303 1104 353 senarios
1138 320 1243 352 una
1282 318 1408 351 voce
1448 300 1649 352 inserta
1686 302 1846 354 hosce
1886 303 2136 356 restituo:

994 424 1117 456 nam
1157 404 1385 455 maximo

457 496 594 546 saltu
636 494 906 562 superabit
946 493 1197 561 grauidus
1240 488 1458 542 armatis
1501 508 1690 559 equus,

456 583 542 650 qui
584 583 677 632 3116
718 585 872 649 partu
914 580 1135 631 arduam
1178 577 1389 650 [arcem]
1434 578 1621 647 perdat
1658 578 1937 648 Pergama.

252 700 327 748 (Ὺ.
370 718 413 749 v.
455 700 558 749 219
601 700 754 765 ‘quae
796 696 1113 749 Corinthum
1154 715 1326 748 arcem
1367 698 1529 748 altam
1568 697 1811 748 habetis.²

398 801 542 850 Licet
583 799 824 851 Sarsinas
864 804 1023 867 poeta
1069 800 1364 868 legitimam
1410 799 1674 851 Acheruns
1721 800 1954 851 nominis
1993 818 2138 851 men-

250 906 422 938 suram
450 889 627 939 neseio
655 907 757 955 qua
783 888 1094 939 enuntiandi
1121 888 1467 939 crassitudine
1493 889 1548 938 in
1572 888 1862 940 Acclcemms
1887 888 2139 940 creticum

248 974 541 1024 extenderit
597 975 737 1042 (vide
786 993 927 1025 1111116
975 975 1251 1026 Ritschelii
1307 977 1361 1026 in
1411 975 1707 1026 Trinummi
1762 976 1840 1027 ed.
1880 975 1934 1028 II
1973 975 2143 1052 praef.>

248 1081 292 1127 1».
330 1059 550 1129 LXVI),
597 1060 804 1111 Ennius
853 1065 1033 1112 tamen
1074 1064 1426 1131 semigraecus
1467 1062 1819 1115 Graecanicae
1859 1063 2138 1131 prosodiae

245 1148 607 1214 integritatem
633 1148 922 1199 servavisse
940 1149 1160 1200 videtur.
1201 1149 1341 1201 Nam
1367 1153 1420 1200 et
1445 1150 1785 1202 ‘Acherunsia
1808 1152 2010 1219 templa
2030 1153 2140 1203 alta

245 1232 388 1284 Orci'
418 1253 462 1284 v.
491 1235 558 1285 ΤΟ
584 1238 636 1285 61
662 1240 674 1259 ‘
690 1235 1022 1288 Achero‘ntem
1047 1237 1206 1288 obibo
1225 1241 1237 1261 '
1264 1256 1310 1288 v.
1337 1237 1444 1288 202
1471 1238 1659 1305 optimi
1682 1240 1847 1289 testes
1872 1238 2139 1307 exhibent,

243 1340 271 1371 a
314 1341 416 1389 qua
455 1340 642 1374 norma
681 1342 791 1375 non
831 1324 1048 1375 recessit
1087 1325 1187 1376 ine.
1227 1325 1327 1376 inc.
1367 1327 1505 1394 trag.
1544 1344 1591 1377 v.
1634 1327 1699 1377 77
1743 1329 1928 1378 auctor
1969 1327 2138 1378 ‘altae

241 1410 547 1462 Acheruntis
588 1412 725 1463 salso
770 1413 1086 1480 sanguine'3
1133 1415 1185 1464 et
1223 1413 1393 1482 redigi
1440 1412 1506 1463 ad
1547 1413 1769 1465 eandem
1817 1418 1996 1483 potest
2034 1416 2135 1467 inc.

242 1498 340 1548 ine.
366 1502 501 1567 trag.
536 1518 582 1549 v.
611 1500 677 1550 73
719 1500 924 1551 ‘adsum
965 1503 1122 1568 atque
1165 1500 1389 1552 advenio
1429 1500 1738 1553 Acherunte
1778 1504 1865 1554 vix
1903 1503 1990 1555 via
2030 1504 2139 1577 alta

243 1589 400 1652 atque
442 1586 649 1653 ardua',
691 1588 735 1638 si
776 1587 857 1639 ‘eb
881 1588 1184 1640 Acherunte'
1228 1589 1493 1640 restituas,
1543 1588 1689 1650 Quae
1730 1591 1872 1658 quod
1911 1591 1968 1642 in
2007 1576 2136 1644 Poe*-

242 1674 354 1724 111111
419 1692 626 1741 quoque
688 1676 818 1727 locis
881 1676 1196 1744 quibusdam
1258 1677 1421 1745 valet,
1490 1677 1690 1729 scilicet
1742 1697 1789 1730 v.
1844 1679 1948 1731 337
2006 1681 2136 1748 ‘quo

242 1761 323 1812 die
379 1760 543 1813 016113
599 1763 664 1813 ab
695 1762 1026 1815 *Acherunte
1081 1768 1319 1816 mortuos
1376 1765 1661 1828 amiserit'‚
1726 1766 1828 1818 821
1888 1767 2137 1835 ‘quodvis

241 1867 409 1917 genus
457 1851 530 1901 ibi
576 1851 854 1903 hominum
894 1853 1071 1904 videas
1120 1853 1271 1920 quasi
1310 1852 1675 1905 Acheruntem
1715 1855 1942 1905 veneris'
1987 1853 2138 1924 (nam

242 1937 303 1987 de
344 1939 474 2005 prol.
519 1940 582 1990 71
627 1940 936 2008 ambiguum
984 1944 1064 1992 est
1110 1938 1410 2010 iudicium),
1466 1941 1714 1993 discimus
1763 1943 1973 1995 saeculo
2023 1961 2136 2012 sep-

240 2026 392 2093 timo,
441 2045 558 2077 cum
606 2031 870 2078 correctae
918 2028 1093 2079 Plauti
1141 2029 1354 2080 fabulae
1408 2032 1775 2097 repeterentur
1823 2030 1880 2081 in
1928 2049 2139 2100 scaena,

241 2111 617 2164 Graecanicam
656 2116 1150 2182 pronuntiationem
1198 2117 1360 2168 etiam
1397 2118 1455 2169 in
1503 2118 1777 2170 comoedia
1815 2119 2136 2188 regnavisse.

241 2199 408 2260 Quam
440 2202 484 2252 is
518 2221 725 2270 quoque
760 2207 970 2256 secutus
997 2208 1090 2273 est,
1130 2205 1219 2273 qui
1251 2205 1307 2256 in
1333 2204 1693 2257 Mostellariae
1725 2225 1771 2257 v.
1796 2205 1903 2258 509
1938 2207 2135 2259 evivom

242 2307 320 2338 me
362 2295 640 2341 arcessunt
679 2292 744 2342 ad
769 2291 1135 2344 Acheruntem
1175 2294 1390 2345 mortui’
1434 2293 1541 2362 legi
1580 2293 1771 2361 voluit,
1810 2298 1870 2346 ut
1908 2295 2132 2348 totidem

241 2376 428 2427 litteris
484 2381 627 2429 extat
681 2380 737 2429 in
777 2380 832 2431 B
881 2381 1073 2433 codice.
1158 2380 1232 2432 Et
1287 2381 1428 2449 quod
1483 2381 1540 2432 in
1587 2380 1886 2456 Trinummi
1932 2401 1979 2434 v.
2025 2383 2135 2434 494

241 2463 343 2515 (JD
375 2466 630 2531 praebent
660 2470 829 2519 censui
860 2487 956 2536 pro
982 2486 1154 2533 censu,
1194 2469 1385 2537 possit,
1424 2470 1527 2520 nisi
1554 2469 1659 2521 alia
1691 2470 1950 2537 quaedam
1975 2488 2136 2523 eausa
2200 2478 2204 2482 ’

241 2552 564 2621 dissuadeat,
612 2555 676 2605 ad
716 2557 878 2607 talem
918 2576 1128 2609 versum
1174 2557 1515 2609 formandum
1562 2558 1822 2610 adhiberi:
1871 2560 2135 2611 ‘censetur

239 2642 423 2691 eenswl
473 2641 542 2692 (id
592 2642 927 2695 Acheruntem
981 2648 1253 2698 mortuos!
1343 2645 1423 2698 De
1478 2646 1801 2699 Acherunsia
1854 2647 2029 2699 forma
2081 2650 2135 2699 et

242 2727 505 2779 Lucaniae
546 2731 739 2797 oppido
766 2732 1048 2785 Aceruntia
1087 2734 1337 2786 disseruit
1361 2731 1654 2786 Corssenus
1689 2716 1930 2803 syinboll.
1970 2736 2133 2787 critic.

243 2834 293 2881 p.
331 2816 460 2882 4693
501 2816 561 2866 de
602 2820 769 2870 vocali
808 2838 843 2871 u
882 2821 1207 2874 Ritschelius
1249 2840 1426 2890 opusc.
1465 2822 1519 2874 II
1558 2824 1682 2875 493.

386 2917 719 2985 Anapaestos
759 2941 805 2973 v.
834 2924 901 2974 70
935 2943 1045 2992 sqq.
1081 2926 1410 2994 septenarios
1421 2967 1434 2993 ,
1476 2926 1541 2977 ad
1566 2925 1950 2994 Aristophanei
1973 2927 2132 2995 illius,
2190 2936 2193 2938 ’

240 3006 328 3073 qui
367 3006 506 3056 inter
546 3007 643 3058 ine.
677 3009 775 3060 inc.
809 3010 909 3062 fab.
951 3013 1052 3064 182
1092 3014 1312 3082 legitur,
1353 3015 1651 3081 exemplum
1689 3013 1861 3066 factos
1894 3013 2128 3066 Bueche-

240 3094 378 3144 lerus
420 3095 653 3162 agnovit.
732 3094 815 3147 Sic
854 3099 1018 3166 igitur
1059 3101 1410 3153 distribuendi
1451 3105 1598 3154 sunt:

291 3222 660 3233 ........
701 3183 1032 3238 Acherunsia
1070 3190 1269 3256 templa
1309 3191 1418 3242 alta
1455 3189 1616 3259 'Orci,

289 3268 488 3337 pallida
527 3271 657 3338 leto,
696 3270 880 3323 nubila
921 3276 1153 3327 tenebris
1192 3278 1330 3345 loca,
1370 3279 1593 3346 saluete,
1630 3278 1803 3330 infera
1845 3276 2073 3349 [noctis].

238 3371 376 3423 Nam
416 3373 546 3424 haec
586 3374 866 3425 verborum
906 3377 1263 3444 interpunctio
1306 3381 1510 3432 videtur
1550 3400 1674 3433 vera
1714 3400 1842 3433 esse.

384 3460 447 3511 In
493 3461 699 3513 creticis
742 3481 785 3513 v,
828 3463 894 3514 76
944 3465 1082 3531 quod
1130 3467 1382 3518 traditum
1431 3472 1511 3519 est
1556 3470 1752 3521 fluxilis)
1789 3469 1913 3536 exilji
1956 3469 2128 3522 lenius
