2294 3844
177 245 276 296 1332
417 208 421 216 Ι
932 244 993 283 Μ.
1027 242 1322 283 PACVVIVS

889 373 1014 424 XLI
1057 372 1222 441 (At-al.
1265 370 1359 440 23)

324 462 601 515 Calidonia
644 464 801 514 altrix
840 464 981 513 terra
1022 463 1407 529 exuperantmn
1447 460 1622 510 uirum

971 556 1126 608 XLII
1167 554 1287 627 (25)
1554 537 1560 543 '

176 651 283 701 405
1259 646 1459 697 labItur

325 787 731 796 .......
786 743 991 795 trabiea
1030 744 1087 794 111
1127 744 1322 794 alueos.

973 839 1154 891 XLIII
1195 836 1278 909 (3)

324 930 465 982 Nam
515 927 562 981 si
610 931 699 997 qui
746 947 880 998 quae
930 932 1188 980 euentura
1245 928 1405 979 suut?
1425 924 1769 995 piomdeant,
1833 929 2078 996 aequipe-

1387 1024 1507 1074 lent
1546 1022 1678 1075 Ioui.

973 1112 1152 1165 XLIV
1194 1110 1276 1182 (5)

318 1204 370 1257 N
375 1205 479 1256 6161
518 1204 979 1272 repandirostrum
1018 1201 1498 1253 incuruiceruicum
1537 1219 1698 1269 pecus

890 1298 1039 1350 XLV
1082 1297 1228 1369 (Dul.
1268 1296 1363 1368 26)

323 1433 332 1441 .
371 1390 702 1458 profectione
743 1390 871 1440 laeti
910 1386 1138 1457 pl'seium
1176 1384 1456 1439 lasciuiam

169 1489 276 1539 410
316 1485 639 1554 Tntuen‘cm,
679 1487 776 1536 1166
815 1485 1002 1537 tuendi
1042 1486 1228 1552 capere
1271 1484 1489 1534 satietas
1529 1485 1721 1550 potest.

288 1621 392 1660 XLI
423 1621 566 1659 Varro
601 1618 710 1659 del.
742 1619 793 1658 L.
816 1619 903 1659 VII
926 1620 976 1658 18
999 1619 1060 1658 Μ.
1095 1617 1394 1656 ‘Pacuius'
1430 1614 1692 1667 (paculus
1724 1614 1892 1667 Flora)
1926 1615 2080 1666 ‘Caly-

173 1679 228 1717 du
221 1679 338 1717 ›nia'
374 1691 411 1716 6.
435 1690 475 1728 q.
500 1689 532 1716 s.
568 1680 644 1714 ‘ut
675 1689 784 1727 ager
804 1674 1112 1719 Tusculanus,
1148 1675 1212 1713 sie
1236 1672 1348 1712 C‘ilx
1354 1673 1513 1712 domus
1546 1685 1657 1735 ager
1689 1677 1772 1722 est,
1807 1686 1897 1712 non
1919 1678 2056 1712 terra.
2065 1676 2077 1695 '

172 1734 373 1783 Quadi-at
407 1734 503 1773 fere
535 1745 589 1772 ex
611 1731 841 1784 Euripidis
865 1732 1016 1772 Oeneo
1041 1731 1094 1769 fr.
1118 1731 1198 1770 562
1220 1729 1272 1770 N.
1307 1722 1342 1770 ὦ
1372 1729 1457 1782 γῆς
1490 1723 1710 1781 πατρώοις
1743 1732 1879 1781 χαῖρε
1911 1727 2083 1782 φίλτα-

175 1804 257 1830 τον
299 1786 448 1830 πέδον
482 1787 796 1841 Καλυδῶνος,
841 1801 927 1839 quo
967 1791 1117 1826 motus
1148 1786 1402 1826 Peiiboeae
1434 1786 1518 1825 1106
1559 1785 1613 1824 fi.
1646 1786 1940 1825 inserendum
1980 1798 2081 1825 esse

181 1847 364 1888 60111661
485 1845 612 1885 XLII
646 1844 778 1884 Pauli
810 1845 973 1883 Festus
1005 1858 1044 1895 p.
1076 1844 1155 1882 367
1188 1842 1533 1881 M.<·t1<11»iea
1564 1842 1715 1881 nauis.
1750 1842 1867 1893 quod
1899 1843 1960 1882 sit
1989 1847 2080 1881 tra-

178 1904 310 1943 bibus
343 1902 536 1942 confixa.
589 1902 841 1941 Pacuuius:
874 1901 1068 1939 labitur'
1103 1912 1141 1938 6.
1174 1912 1214 1950 q
1248 1913 1282 1939 s.
1417 1898 1570 1938 XLIII
1604 1897 1784 1938 Gellius
1813 1898 1918 1938 XIV
1951 1901 1996 1950 1,
2028 1900 2082 1939 34

177 1964 394 2012 ‘praeter
424 1959 537 1998 haee
571 1962 723 1997 autem
754 1989 761 1996 .
790 1989 799 1997 .
827 1989 834 1997 .
873 1957 1015 1996 multa
1048 1958 1185 1995 etiam
1218 1956 1400 1995 memini
1440 1958 1675 2006 poetarum
1709 1959 1916 1994 ueterum
1946 1956 2081 1994 testi-

180 2017 354 2063 monia,
389 2029 415 2054 a
449 2015 609 2066 quibus
640 2013 955 2053 huiuscemodi
987 2013 1206 2064 ambages
1239 2012 1507 2052 fallaciosae
1542 2011 1860 2060 confutantum
1900 2024 1956 2051 ex
1988 2013 2083 2064 qui-

179 2073 265 2112 bus
298 2077 368 2111 est
398 2071 663 2134 Pacuuianz
658 2084 711 2109 ,111
744 2069 896 2109 illud.
945 2073 979 2110 ,⁹
1011 2068 1298 2131 Compmatis
1330 2068 1628 2130 Sophocleis
1617 2080 1705 2107 me.
1729 2068 1822 2108 fab.
1848 2041 1901 2108 11.
1921 2069 2004 2109 834
2024 2069 2080 2111 N.

521 2119 631 2167 ἄλλ
668 2131 722 2166 oz'
733 2119 844 2191 γὰρ
878 2117 938 2165 ἂν
969 2119 1024 2165 τὰ
1059 2125 1180 2165 θεῖα
1211 2118 1514 2173 κρυπτόντων
1546 2121 1678 2164 θεῶν

510 2178 692 2234 μάθοις
726 2197 810 2230 αν,
845 2175 953 2222 οὐδ’
989 2179 1031 2222 εἰ
1062 2173 1202 2220 πάντ’
1239 2176 1517 2232 ἐπεξέλθοις
1550 2179 1737 2221 σκοπῶν

175 2242 233 2280 ad
274 2242 498 2281 Teucrum
536 2240 655 2279 hune
694 2253 735 2279 u.
776 2219 947 2278 rettuli.
1092 2238 1241 2277 XLIV
1276 2237 1589 2288 Quintilianus
1628 2238 1649 2277 I
1679 2239 1724 2286 5,
1758 2239 1810 2278 67
1851 2242 2079 2278 ‘ceterum

177 2298 310 2336 etiam
343 2311 398 2337 ex
431 2297 765 2348 praepositione
797 2300 841 2335 et
872 2295 1046 2335 duobus
1078 2294 1317 2335 uocabulis
1350 2295 1457 2333 dure
1487 2293 1667 2333 uidetui
1699 2295 1915 2334 struxisse
1937 2295 2080 2334 Pacu-

176 2356 277 2394 uius
308 2357 400 2393 ...³
449 2355 594 2392 Varro
628 2353 680 2391 de
713 2352 740 2390 l.
774 2354 825 2392 L.
861 2353 891 2386 V
928 2355 952 2391 7
983 2352 1042 2390 Μ.
1076 2351 1460 2402 ‘quemadmodum
1493 2350 1702 2402 quodque
1736 2354 1869 2402 poeta
1899 2350 2081 2391 finxerit

176 2411 385 2460 uerbum,
426 2408 715 2457 confinxerit,
759 2408 1020 2448 declinarit.
1080 2409 1171 2447 Hie
1203 2409 1374 2447 Pacui
1406 2406 1643 2446 rudentum
1677 2407 1856 2457 sibilus,
1896 2407 1969 2447 hie
2000 2408 2082 2447 in-

175 2466 631 2505 curuiceruicum
666 2464 871 2516 pecus.7
921 2465 1009 2503 Vix
1042 2464 1223 2504 dubium
1256 2465 1364 2516 quin
1397 2463 1454 2502 ad
1484 2464 1709 2503 Teucrum
1741 2465 2016 2515 pertineant.

293 2521 418 2560 XLV
449 2521 607 2561 Cicero
649 2521 703 2560 de
746 2520 835 2563 (liu,
868 2521 888 2559 I
923 2523 994 2570 14,
1026 2521 1081 2559 24
1121 2522 1477 2571 ‘gubernatores
1515 2532 1664 2558 nonne
1707 2519 1960 2559 falluntur?
2010 2522 2079 2559 An

182 2578 451 2617 Achiuorum
484 2578 713 2616 exereitus
745 2582 790 2616 et
821 2583 891 2616 tot
912 2577 1093 2615 nauium
1128 2580 1326 2615 rectores
1349 2589 1437 2615 non
1469 2578 1536 2614 ita
1558 2576 1753 2627 profecti
1774 2580 1879 2614 sunt
1899 2577 1956 2616 ab
1978 2575 2079 2624 Ilio,

181 2639 238 2673 ut
269 2633 633 2686 profectione
666 2633 695 2674 l.
730 2647 771 2685 p.
806 2633 835 2674 1.
870 2634 1249 2682 intuerentur,
1282 2636 1333 2670 ut
1366 2633 1430 2670 ait
1461 2631 1714 2681 Pacuuius,
1755 2644 1855 2671 nee
1887 2632 2080 2672 tuendi

298 2752 400 2799 404
429 2752 644 2797 Calidonia
672 2752 807 2796 Flor.
836 2750 1073 2811 Calydonia
1100 2754 1224 2810 uulf).
1334 2750 1434 2796 406
1467 2751 1594 2795 alueo
1622 2751 1878 2796 Dat-erius.
1917 2752 2081 2798 Possis

177 2827 315 2868 etiam
351 2827 419 2868 sic
456 2825 732 2881 disponere.-
773 2821 933 2865 trabira
961 2820 1126 2866 labitur
1158 2822 1165 2880 Ι
1198 2822 1240 2866 111
1277 2821 1430 2866 alueos
1458 2827 1568 2878 aut,
1606 2827 1654 2865 ut
1679 2828 1834 2867 monet
1861 2821 2078 2867 Bueche-

177 2896 323 2951 lerus,
351 2893 524 2938 labetur
552 2892 714 2937 trabiea
742 2894 786 2936 in
820 2908 856 2937 a.
955 2892 1054 2938 407
1083 2894 1120 2936 si
1148 2894 1221 2951 qui
1252 2907 1335 2938 om.
1381 2892 1509 2937 Voss.
1538 2895 1645 2936 mai.
1747 2894 1824 2951 qui
1851 2907 1963 2952 quae
1990 2907 2077 2938 om.

183 2964 315 3011 Grai,
429 2978 540 3022 quae
569 2979 655 3008 om.
684 2963 898 3022 Franeq.
1011 2965 1290 3022 aequiperem
1334 2964 1548 3019 Vossius,
1588 2964 1714 3021 quod
1735 2965 1877 3008 ualde
1898 2964 2076 3021 proba-

182 3036 338 3079 biliter
375 3041 641 3078 correctum
670 3047 773 3078 esse
799 3036 909 3079 (licit
936 3033 1229 3078 Ritselzelz'us
1253 3033 1384 3078 Prol.
1420 3033 1548 3077 Trin.
1574 3048 1624 3090 p.
1653 3032 1717 3078 83
1745 3047 1836 3092 sq„
1864 3025 1952 3078 7166
1976 3037 2078 3091 ipse

179 3117 391 3162 repuyno
500 3103 599 3149 408
627 3105 669 3147 in
698 3106 871 3149 ceruice
898 3105 1069 3148 ruicuin
1108 3105 1336 3148 Varronis
1360 3103 1492 3148 Flor.
1591 3116 1726 3162 pecus
1756 3119 1842 3149 om.
1864 3105 2077 3148 Ambros.

178 3190 235 3218 m.
268 3175 292 3217 1
393 3173 491 3218 409
521 3175 584 3218 sic
611 3175 669 3217 ab
696 3177 824 3220 initio
852 3176 1070 3232 suppleri
1094 3176 1231 3218 uelim
1337 3173 1440 3219 410
1466 3175 1715 3234 intuentur,
1744 3189 1830 3218 om.
1858 3180 1925 3230 ut,
1949 3174 2074 3219 Her-

178 3257 383 3288 mannus
426 3243 599 3300 Opuse.
645 3244 738 3288 VII
765 3244 864 3290 385
901 3250 1168 3302 praeeunte
1207 3244 1462 3302 Stieylitzio
1501 3245 1558 3288 cle
1594 3243 1802 3288 Pacuuii
1824 3244 2077 3288 Duloreste

174 3330 223 3371 p.
252 3314 335 3370 87,
375 3317 467 3358 nisi
501 3316 627 3372 quod
658 3314 736 3357 laic
771 3316 1009 3358 intuuntur
1041 3317 1304 3372 proposuit.
1350 3321 1396 3357 ut
1443 3349 1452 3358 .
1489 3350 1497 3358 .
1535 3349 1543 3358 .
1589 3315 1872 3358 intuerentur
1910 3313 2074 3359 Cicero

178 3385 404 3427 intuemur
441 3387 556 3428 scite
597 3384 833 3428 Vsenerus
951 3398 1107 3443 capere
1145 3385 1323 3428 satietas
1362 3390 1513 3443 potest
1550 3383 1859 3428 Her-mannus
1896 3385 2075 3428 satietas

181 3467 336 3512 capere
372 3461 525 3512 posset
563 3453 724 3512 (possit
752 3455 938 3498 codices
974 3452 1152 3515 optimi)
1183 3454 1358 3499 Cicero.
1401 3468 1557 3513 capere
1583 3460 1736 3512 posset
1771 3455 1951 3498 satietas
1977 3455 2074 3499 Da—

184 3526 331 3567 uisius
369 3525 500 3567 satias
528 3537 683 3583 capere
711 3525 882 3583 possiet
922 3525 1156 3570 Gruterus
1193 3526 1326 3569 satias
1358 3538 1516 3583 capere
1543 3537 1623 3567 nos
1651 3530 1799 3582 potest
1842 3525 2076 3569 Vsenerus

182 3606 338 3651 capere
377 3595 493 3652 potis
534 3601 601 3637 est
637 3595 814 3638 satietas
856 3594 1140 3653 Stieylz'tzius
1177 3598 1206 3639 ἰ.
1247 3598 1275 3639 l.
