2294 3844
994 205 1046 254 Q.
1080 202 1300 244 ENvas
2027 208 2092 258 47

193 332 300 382 220
340 330 494 382 Multi
537 351 685 382 suam
713 350 819 382 rem
865 333 995 382 Ιηῑιιι·
1031 350 1240 396 §.50⁵¹st
1282 336 1334 382 ct
1375 333 1639 399 publicani
1685 337 1853 400 patriai
1897 340 2094 405 procul,

340 426 520 492 Multi,
569 428 655 494 qui
708 427 847 478 domi
899 430 1127 479 natatem
1177 432 1419 495 agoreni,
1470 431 1685 495 proptor
1733 451 1792 480 eu
1843 438 1967 483 sunt
2016 433 2091 484 1'11-

1329 524 1554 591 probati.

1042 596 1116 647 Vl
1161 595 1243 665 (4)

1052 691 1240 742 Medea

443 831 451 839 .
495 807 616 838 num
658 790 738 839 ter
779 788 874 839 sub
917 788 1076 838 amnis
1117 788 1298 838 massini
1342 789 1505 839 uit-inu
1548 790 1784 859 cernere,

338 885 508 944 Quam
549 885 708 934 semel
750 883 907 935 modo
950 884 1149 950 paircre.

1028 978 1134 1031 VH
1160 980 1243 1048 (T)

1073 1075 1206 1127 Creo

336 1172 389 1221 Si
431 1172 482 1221 te
524 1171 755 1221 secundo
798 1171 996 1222 himine
1037 1171 1123 1222 hic
1166 1172 1473 1240 offendero?

187 1267 293 1317 225
334 1266 575 1318 Moriere.

186 1399 271 1438 tibi
302 1403 395 1439 tam
427 1401 718 1452 ignoscemus
750 1413 831 1440 nos
863 1401 1019 1451 amici,
1062 1413 1195 1452 quam
1227 1401 1506 1452 ignouerunt
1538 1401 1751 1454 Medeae,
1793 1417 1932 1456 quac
1965 1405 2015 1446 C.
2047 1422 2086 1447 a.

184 1469 226 1498 a,
268 1455 571 1506 habebant,
613 1469 668 1498 m.
710 1471 748 1496 o.
786 1458 1118 1509 optimates:
1159 1457 1321 1509 quibus
1354 1456 1434 1497 illa
1473 1459 1682 1499 manibus
1723 1463 2087 1513 gypsatissi1uis=

183 1510 260 1562 (cf.
293 1511 392 1555 Nic,
430 1513 625 1552 Lo'cnsis
663 1514 792 1554 Mise.
835 1513 1055 1566 epiphyll.
1089 1513 1133 1553 ΙΙ
1173 1515 1198 1553 8
1231 1527 1302 1566 ap.
1340 1513 1468 1553 Grut.
1504 1515 1539 1553 V
1572 1517 1673 1565 306)
1716 1519 1996 1569 ‘persuasit,
2038 1532 2090 1558 ne

186 1569 277 1607 sibi
307 1570 423 1609 uitio
454 1568 564 1609 illae
596 1574 853 1616 uerterent,
894 1569 1013 1622 quod
1045 1570 1229 1610 abesset
1267 1584 1294 1609 a
1327 1571 1504 1622 patria:
1544 1584 1648 1610 nam
1689 1573 1870 1613 multi'
1904 1588 1942 1615 e.
1977 1589 2018 1627 q.
2054 1590 2087 1618 s.

190 1625 319 1676 ‘Quo
352 1626 400 1664 in
432 1638 618 1665 numero
651 1632 699 1665 tu
733 1629 857 1665 certe
892 1626 1082 1676 fuisses,
1122 1627 1211 1666 nisi
1242 1630 1288 1665 te
1322 1628 1671 1667 extrusissemus
1703 1661 1738 1670 ..
1759 1661 1767 1670 .
1800 1635 1845 1669 et
1875 1636 2086 1682 quoniam

182 1681 393 1721 Medeam
425 1685 554 1734 coepi
585 1696 745 1735 agere,
779 1683 891 1722 illud
925 1695 1105 1735 semper
1135 1687 1362 1723 memento
1390 1679 1548 1736 [XV].'
1592 1684 1798 1726 Contulit
1830 1688 2090 1728 Politianus

184 1737 314 1780 Mise.
348 1751 445 1790 cap.
478 1740 530 1778 27
564 1739 798 1791 Euripidis
828 1752 869 1779 u.
901 1741 1003 1778 214:

520 1794 783 1846 Κορίνθιαι
815 1798 1065 1848 γυναῖκες,
1100 1789 1310 1848 ἐξῆλθον
1343 1789 1524 1850 δόμων,

519 1847 584 1904 μή
614 1850 699 1914 μοζ
728 1866 772 1891 τι
802 1846 1227 1919 μέμψησθ’·“οἷὸ5κ
1258 1846 1348 1916 γὀὶρ
1379 1847 1581 1918 noli-0129
1614 1852 1792 1906 βροτῶν

521 1919 722 1959 σεμνους
754 1921 982 1961 γεγωτας,
1016 1922 1126 1956 τους
1157 1922 1244 1961 μεν
1274 1923 1497 1962 ομματων
1528 1923 1673 1963 ano,-

521 1959 632 2010 τούς
664 1959 709 2004 δ’
745 1962 795 2006 ἐν
825 1966 1072 2016 θυραίοις·
1107 1960 1156 2005 οἱ
1184 1957 1232 2005 δ’
1268 1959 1359 2018 ἀφ’
1393 1959 1573 2019 ἡσύχου
1604 1961 1753 2016 ποδὸς

523 2017 784 2061 δύσκλειαν
815 2015 1074 2074 ἐκτήσαντο
1107 2019 1188 2061 καὶ
1220 2016 1484 2075 ρᾳθυμίαν.

185 2089 370 2127 quorum
412 2081 608 2115 mentem
650 2090 737 2117 non
776 2083 899 2117 recte
943 2077 1206 2117 adsecutum
1250 2091 1350 2118 esse
1392 2079 1586 2118 Ennium
1625 2081 1799 2120 monuit
1837 2090 2086 2134 praeeunte

187 2133 365 2172 Mureto
403 2146 500 2176 uar.
541 2133 646 2172 lect.
683 2134 792 2174 VIII
824 2135 874 2174 17
906 2132 1167 2174 Elmsleius.
1331 2135 1391 2174 VI
1425 2135 1566 2174 Varro
1606 2136 1660 2175 de
1701 2136 1728 2176 l.
1760 2139 1815 2179 L.
1851 2140 1908 2179 vl
1941 2142 1991 2180 81
2025 2140 2084 2180 M.

189 2192 382 2228 ‘cerno
422 2221 430 2228 .
450 2219 488 2230 ..
525 2202 604 2242 pro
645 2189 781 2230 uideo
823 2191 888 2229 ait
919 2191 1093 2230 Ennius
1123 2221 1132 2229 .
1159 2222 1168 2230 .
1195 2221 1205 2231 .
1235 2188 1404 2230 Canius
1442 2221 1450 2229 .
1477 2221 1487 2231 .
1515 2221 1524 2229 .
1559 2191 1628 2231 Ab
1668 2193 1823 2232 eodem
1867 2200 1936 2234 cst
1969 2198 2085 2248 quod

187 2246 253 2284 ait
283 2245 471 2285 Medea:
506 2249 600 2285 ter'
633 2259 670 2286 e.
706 2260 746 2298 q.
781 2259 816 2286 S.
852 2246 1019 2298 ‘quod,
1052 2252 1102 2285 ut
1134 2247 1388 2286 decernunt
1420 2247 1473 2286 de
1506 2247 1607 2286 uita
1640 2261 1692 2288 eo
1726 2254 1941 2302 tempore,
1974 2253 2086 2291 mul-

182 2307 329 2342 torum
366 2302 578 2341 uideatur
617 2303 740 2342 uitae
780 2302 917 2342 finis.’
978 2302 1091 2342 Non.
1132 2304 1234 2349 261,
1270 2305 1320 2344 18
1360 2307 1619 2344 ‘cernere
1663 2318 1836 2345 rursum
1868 2307 2084 2348 dimicare

183 2357 257 2398 uel
280 2358 557 2399 contendere
586 2390 596 2399 .
616 2389 653 2399 ..
684 2360 858 2398 Ennius
889 2360 934 2398 in
967 2360 1162 2399 Medea
1196 2359 1385 2400 exsule
1422 2356 1579 2414 [22:21²
1622 2360 1744 2400 Idem
1768 2364 1863 2415 ⁶261,
1888 2366 1913 2403 6
1951 2369 2084 2404 ‘cer-

182 2427 336 2466 nere‚
368 2415 590 2458 amittere.
653 2417 797 2456 Varro
832 2415 1295 2456 Gerontodidascalo:
1337 2415 1443 2455 ndu
1474 2415 1632 2458 uides
1663 2419 1806 2470 apud
1838 2413 2082 2460 'Ennium

182 2468 338 2510 'Esse
378 2473 673 2524 scriptum,
720 2470 807 2512 te'r
853 2473 950 2512 sub
992 2474 1160 2513 armis
1198 2471 1382 2511 malim
1422 2473 1593 2512 uitam
1641 2473 1876 2515 cornere
1918 2477 2083 2528 Quam

182 2527 354 2566 semel
393 2528 550 2568 modo
588 2528 846 2581 parereP'
901 2529 1162 2581 (Ennium
1203 2527 1368 2568 Aldina
1405 2530 1452 2568 in
1491 2531 1794 2583 corrigendis,
1836 2546 1918 2573 om.
1961 2533 2083 2585 libri)

183 2583 425 2636 Euripides
457 2598 498 2624 u.
533 2586 636 2626 250:

1082 2635 1142 2689 ὡς
1173 2639 1274 2694 τρὶς
1305 2631 1364 2680 ἂν
1395 2640 1512 2695 παρ’
1544 2635 1728 2684 οἷσπίὸα

521 2697 690 2751 στῆναι
721 2691 914 2750 θέλοιμ’
949 2690 1009 2739 ἂν
1038 2696 1217 2750 μᾶλλον
1248 2690 1281 2752 ἢ
1308 2701 1467 2739 τεκεῖν
1498 2690 1642 2750 ἅπαξ.

295 2753 381 2794 VII
413 2753 574 2794 Cicero
607 2768 686 2806 pro
718 2755 910 2794 Rabirio
942 2757 1065 2795 Post.
1100 2757 1173 2804 11,
1206 2757 1260 2795 29
1292 2758 1505 2807 ‘regum
1539 2762 1690 2796 autem
1723 2761 1828 2797 sunt
1858 2758 1971 2798 haec
2004 2761 2081 2798 im-

184 2813 314 2861 peria
347 2809 454 2862 [inc.
488 2811 574 2850 inc.
611 2811 704 2851 fab.
738 2809 1014 2863 LXXXVII]
1047 2816 1095 2852 et
1123 2811 1234 2851 illae
1265 2812 1438 2850 minae:
1473 2813 1510 2851 si
1541 2816 1612 2852 te’
1647 2825 1684 2853 e.
1718 2827 1758 2865 q.
1790 2827 1823 2853 S.
1868 2816 1992 2854 Idem
2025 2817 2081 2855 ad

183 2866 324 2909 Attio.
361 2866 447 2906 VII
483 2868 557 2916 26,
602 2870 622 2906 1
664 2866 906 2907 ‘Caesaris
944 2867 1190 2908 interdicta
1233 2864 1353 2920 [224]
1395 2873 1704 2921 respuuntur.’
1764 2870 1866 2910 Huc
1906 2872 2082 2911 rettulit

186 2922 392 2974 Scaliger
422 2921 548 2963 Coni.
582 2937 624 2976 p.
657 2925 724 2964 60.
783 2924 1015 2976 Euripidis
1047 2928 1152 2964 sunt
1181 2937 1224 2967 u.
1255 2925 1359 2965 352:

183 3064 212 3108 I
245 3063 312 3108 44
353 3063 555 3109 Corinthi
594 3066 868 3124 Lambinus,
910 3067 963 3111 G.
993 3066 1308 3110 Hermannus
1343 3067 1401 3110 cle
1438 3072 1572 3111 melr.
1613 3067 1674 3112 II
1709 3068 1822 3114 132.
1934 3071 2077 3124 Quem

182 3137 309 3179 inter
347 3134 446 3180 219
487 3143 530 3180 et
572 3135 674 3183 220
711 3139 816 3182 olim
849 3137 1008 3195 fuisse
1042 3139 1315 3194 siynifieaui
1353 3149 1543 3182 uersum
1582 3141 1835 3186 Elmsleius
1870 3141 1934 3183 acl
1958 3143 2077 3186 Eur.

183 3205 307 3249 Med.
351 3204 449 3251 209
489 3219 513 3249 e
554 3206 780 3253 Cicerone
821 3209 950 3253 laune
990 3209 1318 3253 conr-immun.-
1357 3206 1418 3249 Ne
1458 3207 1561 3250 mihi
1603 3210 1711 3254 uitio
1752 3208 1830 3253 uos
1872 3215 2076 3270 nonalis,

183 3276 205 3318 {1
244 3277 383 3335 pau-ia
424 3277 544 3335 quod
583 3277 749 3324 :ibsiem
894 3277 989 3323 221
1034 3278 1151 3322 domi
1193 3278 1268 3337 qui
1306 3284 1494 3321 aetatem
1534 3289 1725 3339 egei-unt
1765 3280 1983 3325 Muretus
2026 3284 2074 3326 V.

183 3346 235 3389 L.
291 3346 414 3391 VIII
449 3348 531 3404 17,
571 3352 650 3393 eui
686 3352 870 3395 senarii
898 3352 1216 3407 placuerunt,
1270 3344 1514 3391 ‘ueteres'
1557 3366 1647 3408 pro
1687 3353 1931 3406 scriptura
1970 3365 2074 3411 egc-

183 3424 288 3460 runt
328 3413 531 3462 ‘libros'
571 3425 821 3464 antestans
950 3420 1048 3464 222
1089 3418 1185 3462 uam
1226 3418 1410 3461 Nonius
1443 3432 1492 3474 p.
1522 3421 1641 3478 261,
1678 3421 1752 3476 18,
1792 3436 1877 3466 om.
1921 3421 2074 3467 Varro

325 3483 417 3548 ter]
459 3494 501 3531 te
542 3489 726 3535 Nonius
755 3505 808 3547 p.
851 3489 970 3546 261,
1014 3492 1075 3536 18
1221 3483 1382 3549 uitam]
1423 3485 1558 3533 mulla
1613 3491 1788 3546 Varro,
1829 3492 1968 3548 idque
2006 3493 2075 3536 bis

179 3559 312 3613 ponit
351 3559 484 3604 Goth.
632 3559 733 3603 224
772 3561 857 3604 hoc
892 3560 1008 3605 libri
1039 3570 1137 3618 pro·
1169 3562 1292 3606 Rab.
