2294 3844
1004 172 1055 221 Q.
1092 168 1309 210 ENNIVS
2041 167 2102 218 19

347 301 600 352 Caerulea
641 301 905 352 incinctae
947 301 1110 369 tingui
1152 299 1427 365 incedunt,
1476 297 1824 350 circumstant
1865 318 1982 351 cum
2024 318 2101 350 ar-

1245 396 1493 446 dentibus
1534 396 1717 446 taedis.

992 493 1019 523 ³?-
1145 529 1151 537 ἱ
1278 492 1305 521 a:

1135 535 1162 558 :qe

416 588 655 639 Intendit
694 588 916 639 crinitus
956 586 1154 655 Apollo

231 686 301 735 31)
417 684 616 734 Arcum
657 687 925 752 auratum,
967 696 1094 735 luna
1135 682 1378 751 1'1111ixus7

418 781 589 832 Diana
631 782 803 832 facem
843 780 969 831 iacit
1009 781 1039 831 {t
1081 780 1250 831 laeua.

1059 876 1138 928 IV
1164 875 1247 946 (5)

345 973 444 1024 8611
474 973 603 1024 mihi
631 993 695 1025 ne
724 974 965 1042 utiquam
992 974 1082 1024 cor
1108 973 1377 1024 consentit
1395 991 1515 1023 cum
1535 974 1809 1025 oculorum
1829 976 2045 1041 aspectu
2067 1015 2075 1023 .
2098 1014 2104 1023 .

922 1120 1381 1174 ALEXANDER

1077 1217 1102 1269 Ι
1145 1215 1227 1289 (3)

345 1314 550 1366 Volans
591 1315 653 1366 de
695 1314 840 1366 caelo
883 1317 1003 1366 011111
1043 1333 1240 1366 corona
1282 1319 1335 1366 et
1374 1316 1566 1367 taeniis

343 1507 458 1558 Iam
499 1507 697 1559 (111(111111
739 1508 805 1559 ab
846 1508 984 1559 ludis
1026 1508 1235 1559 animus
1278 1511 1437 1576 atque
1480 1508 1633 1559 aures
1675 1511 1837 1559 auent

232 1603 302 1655 35
342 1603 515 1655 Auide
557 1606 898 1673 expectantes
939 1605 1204 1656 nuntium.

198 1764 268 1820 [27
293 1765 379 1820 sq]
416 1780 520 1807 num
552 1767 756 1818 dubitas,
791 1768 901 1820 quin
933 1768 1020 1808 sibi
1053 1767 1167 1808 haec
1189 1767 1344 1807 uidere
1376 1766 1619 1806 uideatur?
1660 1767 1858 1820 itemque
1892 1772 2108 1808 cetera:

195 1823 478 1864 intendit’
514 1838 551 1864 e.
577 1838 624 1877 q.
657 1837 691 1868 S.
729 1822 936 1877 [29—31]
973 1825 1077 1877 ‘qui
1108 1825 1255 1877 magis
1287 1824 1401 1864 haee
1431 1823 1660 1874 crederet,
1694 1825 1732 1864 si
1763 1829 1942 1875 essent,
1975 1837 2110 1876 quam

198 1881 438 1931 credebat,
482 1882 588 1933 quia
626 1880 935 1921 uidebantur?
987 1885 1182 1934 apparet
1214 1881 1334 1921 enim
1365 1881 1455 1921 iam
1488 1894 1578 1921 cor
1610 1894 1723 1921 cum
1764 1882 1952 1921 oculis
1984 1894 2110 1921 con-

197 1938 445 1976 sentire.’
497 1938 751 1977 Incitato
786 1937 974 1977 furore
1008 1938 1213 1978 codicum
1246 1938 1519 1990 scripturam
1550 1938 1805 1977 uindicauit
1836 1938 2111 1978 VVesenber-

197 1994 298 2045 gius
321 1994 498 2033 obsera.
521 1995 642 2034 critt.
664 1994 710 2032 in
735 1992 828 2035 Cic.
850 2007 931 2047 pro
955 1994 1107 2035 Sestio
1131 2007 1194 2034 or.
1218 2008 1259 2047 p.
1282 1997 1349 2044 51,
1383 1999 1509 2034 recte
1532 1995 1864 2047 interpretans:
1901 1998 2021 2034 ‘cum
2044 1995 2111 2034 fu-

196 2064 270 2090 ror
300 2051 399 2089 eius
434 2050 564 2089 initio
594 2051 827 2090 remissior
848 2050 1085 2103 paullatim
1119 2051 1358 2091 incitatior
1381 2058 1427 2091 et
1449 2050 1760 2091 uehementior
1781 2052 1934 2091 factus
1954 2054 2110 2091 esset.'

196 2107 480 2146 incitatus
517 2107 547 2146 f.
567 2107 785 2147 Dauisius
811 2107 1085 2148 coniecerat.
1131 2107 1293 2147 Cicero
1317 2121 1395 2160 pro
1421 2108 1550 2147 Rosc.
1578 2109 1673 2151 Am,
1695 2110 1764 2159 24,
1788 2109 1841 2149 67
1874 2107 2113 2160 ‘quemad—

195 2163 374 2203 modum
407 2164 451 2202 in
485 2163 653 2203 fabulis
692 2177 1021 2216 saepenumero
1053 2163 1225 2204 uidetis
1258 2177 1358 2214 eos,
1393 2166 1469 2216 qui
1502 2164 1674 2216 aliquid
1707 2165 1832 2216 inpie
1866 2165 2110 2205 scelerate-

197 2233 281 2272 que
313 2220 637 2271 commiserint,
670 2221 839 2273 agitari
871 2224 918 2260 et
950 2221 1200 2272 perterreri
1232 2220 1473 2260 Furiarum
1506 2220 1696 2260 taedis
1729 2220 2110 2261 ardentibus.’

203 2277 262 2316 cf.
293 2276 408 2316 idem
431 2277 476 2316 in
500 2276 652 2321 Pison.
675 2278 744 2326 20,
766 2278 836 2317 46.
926 2276 988 2316 IV
1020 2276 1181 2317 Cicero
1203 2277 1341 2318 Aead.
1366 2291 1429 2329 pr.
1453 2277 1497 2318 II
1524 2279 1590 2329 17,
1614 2278 1667 2316 52
1700 2277 1837 2329 ‘quod
1864 2278 1983 2317 idem
2008 2290 2110 2317 con-

196 2334 337 2386 tingit
359 2334 550 2384 insanis,
584 2338 634 2373 ut
657 2337 702 2373 et
724 2334 1073 2386 incipientes
1097 2334 1282 2374 furere
1309 2335 1512 2374 sentiant
1533 2339 1578 2374 et
1601 2333 1754 2373 dicant
1781 2333 1966 2386 aliquid,
1991 2333 2110 2386 quod

197 2403 286 2429 non
318 2390 398 2437 sit,
430 2390 476 2430 id
499 2389 646 2430 uideri
676 2390 788 2440 sibi3
824 2396 869 2431 et
903 2404 1017 2430 cum
1050 2391 1404 2442 relaxentur,
1438 2392 1637 2430 sentiant
1667 2394 1804 2443 atque
1838 2390 1922 2430 illa
1955 2391 2112 2430 dicant

196 2447 518 2487 Alcmeonis
553 2444 685 2500 [32].’
731 2445 1073 2497 (alemeonis
1103 2447 1233 2490 Leid.
1258 2448 1334 2488 AB
1369 2447 1715 2488 alcmaeonis
1747 2446 1887 2499 uulg.)
1939 2447 2111 2495 Ibidem

197 2504 240 2543 ΙΙ
272 2505 341 2554 27,
375 2504 430 2544 88
463 2504 667 2543 ‘Ennius
699 2516 790 2543 non
822 2516 870 2544 se
903 2504 1074 2544 uidisse
1107 2504 1379 2554 Homerum,
1411 2504 1490 2544 sed
1521 2504 1668 2544 uisum
1701 2515 1820 2544 esse:
1860 2504 2110 2544 Alcmeo’

196 2559 280 2612 (sic
313 2559 442 2600 Leid.
477 2559 528 2610 A,
561 2559 764 2600 altmeo
795 2559 889 2600 Erl.
923 2559 1143 2600 altineo
1168 2560 1282 2605 Gud,
1316 2561 1568 2601 alcmaeo
1600 2559 1740 2613 uulg.)
1776 2564 1981 2601 mutem:
2015 2562 2112 2600 sed

277 2647 287 2656 .
326 2617 652 2657 consentit.’
715 2617 772 2658 cf.
808 2617 890 2657 III.
943 2617 1113 2657 Festus
1155 2631 1195 2670 p.
1233 2619 1312 2659 165
1344 2618 1403 2658 M.
1455 2618 1810 2670 ‘neutiquam
1851 2616 1946 2670 [pro
1988 2617 2112 2657 nullo

196 2672 329 2714 modo
367 2673 459 2713 dici
499 2675 632 2721 testis
664 2677 735 2713 est
764 2704 775 2714 .
802 2705 810 2712 .
838 2671 876 2727 ι]
912 2686 1011 2714 011111
1045 2673 1131 2714 ait:
1173 2674 1269 2714 sed
1300 2705 1906 2715 ......................
1935 2674 2110 2714 lorum

199 2732 433 2782 aspect?

312 2787 600 2826 ALEXANDER
632 2786 654 2825 I
686 2787 853 2827 Festus
885 2800 926 2839 p.
949 2787 1032 2828 360
1064 2788 1123 2828 Μ.
1155 2788 1414 2827 ‘taenias
1448 2787 1670 2828 Graecam
1690 2800 1849 2827 uocem
1873 2788 1938 2828 sic
1971 2789 2111 2828 inter-

201 2847 410 2895 pretatur
439 2843 650 2893 Verrius,
692 2847 742 2882 ut
772 2843 894 2884 dicat
925 2849 1241 2884 ornamentum
1273 2856 1375 2884 esse
1407 2843 1587 2884 laneum
1620 2845 1784 2897 eapitis
1818 2845 2028 2884 honorati
2059 2867 2112 2872 —-

199 2922 251 2927 —-
291 2900 466 2939 Ennius
504 2899 551 2938 in
589 2899 848 2940 Alexandro
877 2932 887 2941 .
915 2931 924 2940 .
950 2904 987 2940 .’
1108 2901 1154 2940 II
1187 2902 1329 2941 Varro
1372 2900 1425 2940 de
1458 2900 1486 2941 1.
1532 2902 1582 2941 L.
1614 2902 1676 2941 VI
1708 2901 1860 2946 83,M.
1906 2903 2109 2941 ‘auris’

343 3049 408 3095 28
448 3048 647 3094 caerulea
700 3049 892 3095 Vindob.
931 3049 1160 3094 caerulcae
1200 3053 1352 3094 celeri
1386 3051 1498 3095 libri
1533 3049 1739 3094 caeruleo
1782 3050 2007 3097 Columna

201 3121 338 3180 angui
365 3120 592 3166 Columna
631 3121 725 3179 igni
762 3121 875 3165 libri
995 3119 1063 3166 30
1099 3120 1203 3165 luna
1240 3121 1420 3165 innixus
1458 3127 1646 3165 mutare
1684 3135 1777 3165 non
1805 3135 1955 3167 ausus
1992 3136 2106 3183 sum,

202 3205 488 3250 quamquam
526 3205 619 3236 non
659 3193 777 3235 salis
813 3192 1046 3250 intellego.
1182 3190 1245 3235 31
1288 3190 1404 3235 faces
1445 3204 1570 3236 unus
1612 3190 1766 3236 Oxou.
1901 3192 1964 3237 32
2006 3195 2109 3238 ecci·

204 3267 279 3306 tus
304 3275 478 3306 uersus
499 3261 596 3320 fuit
628 3262 845 3321 fortasse
871 3267 1055 3321 aspectu
1085 3262 1196 3306 truci
1225 3267 1275 3306 ut
1301 3261 1489 3306 Pacuu.
1518 3261 1564 3306 3.
1643 3261 1737 3306 Sed
1773 3276 1895 3307 nouo
1935 3269 2110 3308 conatu

204 3330 446 3390 Berylcius
483 3332 653 3378 Plzz'lol.
693 3331 870 3377 XXIX
907 3331 1007 3378 326
1053 3332 1219 3390 frusta
1271 3347 1314 3377 u.
1357 3331 1421 3377 32
1473 3338 1517 3376 el
1565 3331 1629 3375 25
1670 3344 1739 3389 sq.
1790 3335 1858 3376 sic
1898 3336 2109 3392 conflata

201 3390 481 3458 proposuit?
526 3404 627 3448 nz'im
669 3402 773 3447 mihi
819 3417 874 3447 110
923 3404 1122 3461 utiquam
1166 3438 1176 3447 .
1219 3438 1229 3447 .
1274 3438 1283 3446 .
1328 3437 1337 3446 .
1379 3409 1588 3461 aspectu:
1640 3400 1755 3444 1111(Ιο
1796 3402 1900 3446 llaec
1939 3402 2108 3448 1131111113

208 3467 213 3533 Ι
254 3464 449 3517 Uritur?
486 3473 531 3518 in
571 3473 711 3530 taeda,
751 3473 794 3517 in
834 3473 959 3517 taeda
988 3463 1168 3530 adsunt}
1209 3473 1386 3528 adsunt,
1430 3479 1589 3515 memet
1618 3476 1859 3531 expetunt,
1899 3488 2024 3532 quae
2051 3491 2110 3522 ne

205 3544 424 3601 intelleqo
465 3545 664 3601 quidem.
