2294 3844
991 194 1042 241 Q.
1078 192 1295 233 l·:NN1Vs
2048 193 2106 241 ιγ

1066 322 1241 374 AIAX

1079 419 1102 469 I
1146 418 1229 489 (3)

347 516 445 577 Qui
489 518 597 566 rem
640 534 757 567 cnm
803 515 1022 566 Achiuis·
1065 516 1344 581 gesserunt
1387 513 1571 565 statim
1614 557 1621 565 .
1667 557 1674 565 .

1065 610 1112 662 J]
1162 609 1244 668 (1‘)

346 710 613 760 'Animam
656 711 815 762 misso
859 708 1051 776 sangui
1090 708 1270 775 tepido
1313 708 1451 759 millii
1493 706 1737 758 efflantes
1777 708 1979 758 nolant.

975 803 1326 856 ALCVMEO

1079 901 1103 952 I
1146 899 1227 971 (1)

1175 1002 1378 1049 :factum
1419 1001 1499 1049 est
1537 999 1643 1050 iam
1686 998 1774 1049 diu

1067 1095 1120 1145 ΙΙ
1163 1094 1244 1164 (3)

235 1193 531 1245 :20M1sstis
590 1211 704 1243 suni
763 1192 932 1243 modis
990 1190 1409 1259 circumuentus,
1471 1192 1681 1259 morbo,
1737 1191 1891 1243 exilio
1949 1193 2107 1258 atque

1535 1287 1740 1357 inopia,

346 1386 481 1437 Tiim
523 1405 692 1454 pauor
719 1387 1038 1455 sapientiam
1073 1404 1288 1437 onmem
1329 1386 1401 1436 mi
1443 1385 1746 1437 exanimato
1782 1385 2110 1453 expectorat,

198 1536 266 1573 in'
310 1532 389 1586 (in
429 1535 653 1576 Achille
689 1535 913 1587 Scaliger)
959 1535 1235 1574 ‘Aristarchi
1274 1548 1371 1574 cum
1407 1535 1494 1583 ait,
1540 1533 1770 1586 signifieat
1811 1533 1972 1585 clypeo
2007 1536 2111 1572 ante

196 1604 243 1630 se
282 1595 531 1644 protento.’
594 1591 766 1632 Paulus
804 1606 844 1644 p,
885 1594 965 1631 ‘243
1014 1591 1266 1644 ‘prolato
1307 1604 1432 1632 aere
1480 1589 1602 1643 apud
1642 1591 1836 1630 Ennium
1885 1588 2113 1641 significat

199 1652 327 1687 scuto
361 1653 469 1687 ante
504 1662 550 1688 se
585 1653 831 1701 protento.’

308 1705 428 1744 A1Ax
461 1704 627 1745 I'Non.
651 1707 750 1757 393,
778 1708 829 1745 14
864 1707 1089 1745 ‘statim
1124 1705 1343 1758 producta
1376 1705 1521 1758 prima
1544 1704 1726 1756 syllaba
1758 1717 1783 1743 a
1816 1703 1979 1743 stando
2014 1715 2113 1755 per-

199 1766 466 1802 seueranter
501 1766 546 1802 et
578 1762 839 1815 aequaliter
871 1761 1117 1815 significat.
1177 1762 1421 1801 Terentius
1464 1758 1664 1815 [Phorm.
1696 1760 1735 1800 V
1768 1762 1807 1811 3,
1842 1758 1884 1813 7]
1922 1759 2114 1798 Plautus

196 1817 471 1870 Amfitryone
507 1816 547 1871 [Ι
582 1821 627 1868 1,
661 1817 731 1872 84]
769 1819 887 1858 idem
922 1820 969 1859 in
1002 1819 1159 1859 eadem
1198 1817 1235 1871 [1
1271 1821 1316 1868 1,
1353 1815 1453 1871 120]
1488 1817 1663 1857 Ennius
1694 1817 1837 1857 Aiace
1871 1849 1877 1855 .
1906 1848 1913 1855 .
1941 1820 1976 1857 .'

194 1875 240 1915 II
278 1876 437 1915 Festus
477 1890 519 1928 p.
552 1873 633 1916 352
664 1876 725 1918 M.
769 1872 1030 1930 ‘[tullios
1071 1871 1175 1929 al]ii
1215 1875 1429 1915 dixerunt
1469 1887 1568 1915 esse
1608 1873 1806 1924 silanos,
1850 1874 1933 1913 alii
1973 1875 2107 1922 rinS,

195 1931 274 1971 alii
311 1932 606 1972 uehementes
647 1933 957 1985 proiectiones
997 1933 1235 1985 sanguinis
1277 1932 1498 1972 arcuatim
1545 1932 1754 1981 fluentis,
1803 1930 1967 1983 quales
2008 1935 2112 1969 sunt

195 1988 355 2027 Tiburi
395 1989 439 2027 in
474 1990 661 2029 Aniene.
698 1989 871 2029 Ennius
904 1990 949 2028 in
979 1989 1145 2029 Aiace:
1179 1989 1317 2028 Aiax'
1351 2002 1388 2029 e.
1422 2002 1462 2040 q.
1495 2001 1528 2028 s.
1581 1986 1749 2027 Paulus
1781 2000 1822 2039 p.
1846 1988 1928 2027 353
1962 1987 2074 2026 ‘tul
2098 2010 2113 2014 -

197 2045 303 2084 lios
335 2045 414 2084 alii
440 2045 651 2085 dixerunt
675 2058 775 2085 esse
801 2043 993 2085 silanos'
1019 2059 1058 2088 e.
1083 2059 1123 2098 q.
1149 2059 1182 2086 s.
1213 2046 1429 2085 ‘Enniusz
1464 2045 1686 2097 sanguine
1713 2076 1750 2084 ..
1772 2076 1780 2084 .
1810 2043 2007 2086 uolant.’
2042 2043 2106 2081 Ad

194 2101 379 2140 eandem
414 2101 618 2142 fabulam
649 2102 808 2142 rettuli
837 2103 924 2142 inc.
958 2115 1071 2145 nom.
1106 2102 1157 2144 fr,
1192 2101 1246 2143 X.
1280 2101 1413 2150 (conl,
1445 2100 1582 2153 Soph.
1613 2101 1684 2141 Ai.
1715 2102 1796 2140 285
1828 2100 1912 2152 sq.)
1947 2105 1994 2140 et
2028 2100 2107 2140 xl.

194 2157 289 2197 Nec
319 2158 669 2210 inprobabiliter
690 2159 952 2199 Ladeuicus
974 2159 1094 2198 anal.
1128 2170 1249 2200 scen.
1273 2171 1313 2210 p.
1336 2159 1389 2196 22
1415 2157 1739 2197 Alcesimarchi
1771 2158 1818 2195 in
1841 2154 2107 2196 Cistellaria

196 2214 413 2254 Plautina
444 2215 590 2256 11110
620 2216 762 2256 uerba
796 2219 972 2255 utrum
1006 2215 1170 2254 hacin
1206 2212 1404 2254 feriam
1439 2227 1503 2254 an
1537 2214 1600 2253 ab
1634 2213 1803 2253 laeua
1839 2213 2022 2252 latus?
2058 2225 2111 2251 ex

196 2270 334 2311 Ennii
366 2272 507 2312 Aiace
539 2272 770 2313 translata
804 2285 904 2313 esse
938 2272 1137 2312 coniecit
1170 2271 1245 2320 (cf,
1278 2275 1458 2324 quaest.
1500 2284 1621 2311 scen.
1656 2284 1695 2322 p.
1720 2269 1835 2320 272).
1884 2270 1997 2309 Cum
2030 2281 2111 2308 no-

197 2333 290 2367 stro
332 2329 588 2382 fragmento
620 2330 665 2369 11
699 2330 984 2382 comparauit
1019 2328 1230 2381 Scaliger
1268 2326 1507 2380 Sophoclis
1547 2328 1615 2366 Ai.
1650 2328 1782 2376 1411,
1816 2327 2110 2366 Hermannus

199 2386 281 2425 918
314 2397 379 2437 sq.

309 2443 548 2483 AchMEo.
575 2443 643 2483 De
668 2442 907 2496 epenthesi
932 2442 1149 2482 disseruit
1172 2441 1453 2482 Ritsehelius
1478 2453 1635 2493 opusc.
1661 2440 1704 2480 11
1727 2441 1810 2479 474
1833 2452 1896 2492 sq.
1920 2441 2003 2479 485
2023 2451 2111 2491 sq.;

197 2499 382 2538 breuem
415 2500 450 2539 E
483 2499 689 2539 uocalem
728 2498 961 2539 uindicaui
1001 2498 1170 2539 ibidem
1206 2512 1247 2551 p.
1286 2501 1367 2538 512
1401 2510 1495 2550 sqq.
1559 2498 1578 2537 I
1610 2496 1726 2536 Non.
1762 2497 1854 2546 127,
1891 2498 1940 2536 13
1983 2497 2112 2535 ‘iam

199 2555 290 2595 diu
332 2569 412 2609 pro
451 2555 668 2597 olim...
706 2557 882 2596 Ennius
914 2556 1234 2595 Alcmeone:
1279 2555 1308 2594 f.
1341 2567 1379 2597 e.
1412 2555 1445 2593 i.
1478 2554 1541 2594 d.’
1584 2554 1919 2604 (alcimeone
1952 2553 2107 2592 Vrbin.

198 2614 298 2661 307)
415 2613 459 2652 II
492 2613 653 2653 Cicero
689 2613 742 2652 de
780 2618 893 2653 orat.
926 2612 995 2652 III
1027 2613 1103 2663 58,
1137 2613 1217 2652 218
1252 2610 1432 2651 ‘aliud’
1470 2610 1551 2660 (sc.
1586 2611 1715 2650 uocis
1747 2621 1890 2661 genus
1923 2609 2009 2649 sibi
2043 2621 2113 2648 su-

197 2668 292 2719 mit)
328 2673 516 2717 ‘metus‚
551 2670 796 2709 demissum
827 2675 873 2709 et
905 2669 1140 2709 haesitans
1174 2673 1220 2708 et
1247 2669 1478 2708 abiectum
1507 2664 1753 2721 [20-24].’
1796 2666 1917 2707 Idem
1951 2665 2006 2705 de
2040 2664 2112 2704 fin.

198 2725 260 2765 IV
290 2727 365 2776 23,
400 2728 453 2766 62
486 2726 599 2766 ‘hoc
629 2739 738 2766 uero
769 2729 816 2765 te
849 2726 970 2765 ferre
1003 2738 1091 2766 non
1125 2725 1351 2778 potuisse,
1399 2725 1514 2777 quod
1549 2723 1727 2776 antiqui
1759 2722 1828 2762 illi
1860 2754 1867 2762 .
1895 2753 1904 2763 .
1931 2753 1941 2763 .
1971 2721 2114 2762 credi-

199 2782 369 2832 derint,
412 2783 529 2833 eius,
580 2783 653 2835 qui
692 2782 882 2822 honeste
922 2782 1123 2832 uiueret,
1178 2781 1217 2822 si
1255 2780 1374 2822 idem
1413 2782 1551 2820 etiam
1593 2781 1707 2821 bene
1748 2779 1950 2830 ualeret,
1997 2779 2112 2819 bene

345 2933 404 2978 17
446 2933 593 2979 Posse
631 2934 757 2978 hane
796 2944 983 2992 quoque
1010 2944 1183 2976 uersus
1218 2930 1428 2989 formam
1463 2929 1645 2988 fuisse.-
1688 2964 1696 2972 .
1729 2964 1737 2974 .
1768 2930 1842 2988 qui
1882 2941 1973 2972 rem
2014 2941 2112 2972 eum

201 3005 249 3048 A.
289 3019 332 3063 g.
375 3005 522 3048 statim
571 3005 774 3049 iambica
826 3006 1018 3049 ultimae
1066 3005 1199 3047 uocis
1246 3015 1472 3047 mensura
1523 3003 1680 3046 docuit
1719 2999 2009 3045 Ritsclzelz‘us
2057 3000 2113 3042 cle

199 3076 425 3133 ficlilibus
461 3077 688 3120 litteratis
723 3089 771 3132 p.
806 3074 867 3120 13
910 3088 978 3133 sq.
1091 3073 1153 3119 18
1194 3073 1380 3116 animam
1421 3071 1557 3117 misso
1598 3072 1756 3130 sangui
1796 3076 1828 3115 t.
1870 3069 2113 3114 Herman-

201 3158 293 3190 nus
330 3149 378 3191 in
418 3145 560 3204 Soplz.
598 3146 671 3190 Αἱ.
712 3145 812 3190 918
853 3147 924 3190 ed.
967 3150 1074 3189 lert.
1124 3143 1228 3188 Aiax
1275 3144 1411 3187 misso
1451 3143 1668 3202 sanguine
1709 3148 1739 3186 t.
1783 3142 1884 3186 cod.
1927 3140 2110 3183 animam

202 3229 257 3259 m.
298 3217 517 3276 sanguine
557 3223 590 3262 t.
635 3215 685 3262 Ο.
715 3216 981 3261 Muellerus
1019 3215 1159 3259 anima
1200 3215 1375 3258 mistum
1415 3227 1615 3272 sanguen
1656 3211 1854 3271 tepidum
1894 3211 2110 3266 Lanyen-

203 3288 428 3344 siepenus
454 3286 581 3332 Mus.
608 3287 761 3332 Rhen.
801 3287 840 3332 V
856 3301 905 3345 p.
936 3285 1032 3331 251
1063 3298 1132 3344 sq.
1243 3283 1338 3328 tulii
1365 3285 1467 3330 cod.
1499 3285 1633 3328 Festi
1740 3281 1945 3337 Scripsit
1963 3284 2110 3336 poeta

199 3355 414 3413 fortasse
453 3356 606 3402 efflant
643 3357 861 3415 ecuolum,
900 3359 930 3402 i.
972 3370 1011 3401 e.
1054 3357 1338 3401 euolantem.
1379 3353 1533 3400 efflant
1573 3353 1771 3398 ecsolant
1811 3353 2006 3395 amicus.

205 3425 272 3471 20
298 3427 572 3473 multimodis
611 3442 708 3472 sum
748 3429 976 3485 Botlzz'us,
1017 3439 1190 3472 rursus
1227 3427 1573 3471 commendauit
1603 3423 1682 3468 CF
1693 3422 1750 3465 W
1773 3421 1977 3466 Mueller
1998 3433 2110 3476 pro-

208 3497 339 3541 sodia
367 3499 527 3543 Plaut.
555 3514 604 3556 p.
634 3498 732 3545 202
846 3497 908 3543 21
952 3511 1142 3553 omnem,
1185 3511 1270 3542 om.
1311 3497 1382 3552 mi,
1425 3497 1614 3540 Abrine.
1646 3493 1746 3536 ΕΓΖ.
1778 3507 1804 3534 (ι
1837 3490 1931 3535 Cic.
1960 3490 2015 3534 cle
2042 3504 2110 3535 or.

207 3566 291 3611 III
329 3567 427 3612 218
477 3583 652 3613 omnem
693 3569 796 3613 1111111
843 3569 980 3613 Tuse.
1021 3569 1153 3613 codd.
1206 3566 1311 3610 mihi
1360 3579 1534 3610 omnem
1577 3564 1758 3607 Nonius
1875 3554 2111 3614 exafflmato

290 3655 476 3696 RIBBECK,
501 3655 635 3688 Scaen.
660 3655 795 3694 fragm.
1730 3662 1752 3684 ·’

1730 3684 1751 3696 b-
