2294 3844
236 165 422 207 XXVIH
964 149 1076 199 ‹ssfflz
1087 155 1398 199 OLLARIVM

240 300 560 352 comicorum
608 296 843 364 exempla
886 311 1174 346 memorem
1216 289 1305 360 (cf.
1345 290 1624 342 Ritsc-helii
1662 293 1862 360 proleg.
1887 289 2131 362 CCXVI)

238 406 281 436 v.
324 387 426 438 327
477 386 550 436 ‘in
607 385 884 449 frontem'3
938 399 1035 433 nec
1090 380 1258 432 multo
1313 378 1484 430 lenior
1539 378 1876 431 choriambus
1929 399 1975 431 v.
2029 378 2131 431 175

248 478 314 526 ‘et
356 473 604 540 modice'7
659 474 751 522 aut
798 469 946 522 Accii
990 470 1089 521 127
1141 469 1346 520 ionicus
1397 467 1707 518 ‘abeuntes'
1786 467 1988 519 Tamen
2026 486 2132 519 me-

240 562 509 614 morabilis
552 564 603 612 et
642 561 867 611 fortasse
908 576 1031 609 vera
1070 556 1384 608 Buecheleri
1425 555 1749 607 coniectura:

347 652 514 719 egone
556 650 758 716 plectar
800 646 939 715 quod
980 649 1038 697 tu
1078 663 1285 713 peccas:
1327 642 1412 696 tui
1449 644 1626 696 delicti
1666 661 1764 713 ego
1806 644 2036 713 arguar?

380 738 445 789 V.
490 738 606 789 197.
683 736 975 803 Postquam
1021 733 1212 785 Naevii
1259 753 1303 784 v.
1357 733 1420 785 19
1470 736 1523 784 et
1569 732 1638 784 43
1695 732 1918 800 correxi,
1973 732 2132 784 etiam

236 847 297 878 ex
344 826 507 878 Ennii
547 825 781 892 reliquiis
831 823 1047 874 diiambi
1096 823 1151 873 in
1192 822 1520 873 senariorum
1574 821 1716 872 exitu
1763 821 2010 873 videntur
2049 840 2131 872 ex-

236 913 464 982 pellendi
507 931 633 964 esse.
711 912 887 980 Atque
936 911 1059 962 huic
1107 930 1152 961 v.
1199 911 1298 961 197
1350 910 1590 978 quamvis
1643 910 1819 977 aliqua
1864 909 1929 960 ab
1969 909 2132 960 inter-

236 1002 521 1068 punctione
554 1002 707 1052 venia
743 1003 977 1069 petatur,
1009 1001 1191 1050 tamen
1222 998 1366 1050 haud
1400 998 1676 1068 inelegans
1709 998 1971 1050 medelam
2001 997 2131 1049 haec

235 1089 427 1139 adferri
474 1088 616 1139 licet:

557 1177 737 1242 plebes
778 1177 833 1226 in
873 1176 975 1227 hoc
1014 1176 1125 1244 regi
1169 1175 1394 1226 antistat
1426 1195 1435 1224 z
1469 1176 1647 1243 large
1686 1175 1810 1226 licet

556 1263 831 1314 lacrimare
872 1263 1038 1331 plebi,
1077 1263 1191 1332 regi
1231 1263 1455 1315 honeste
1496 1264 1608 1314 non
1646 1263 1797 1331 licet,

232 1356 289 1404 ut
347 1354 483 1419 la-ryc
529 1352 778 1403 adverbio
827 1351 1093 1403 redditum
1141 1352 1211 1402 sit
1258 1350 1530 1419 Euripidis
1578 1351 1709 1402 illud
1760 1347 1977 1418 ῥᾳδίως.
2068 1350 2134 1402 111

232 1461 276 1491 v.
318 1441 447 1509 297,
496 1441 585 1508 qui
632 1441 781 1491 nulla.
829 1440 1097 1508 ceteroqui
1146 1440 1476 1507 corruptelae
1526 1440 1827 1508 suspicione
1877 1439 2135 1508 tangitur,

232 1529 588 1581 Buechelerus
637 1529 831 1598 corrigi
877 1529 1025 1580 iubet
1061 1529 1310 1595 paritas}
1345 1531 1503 1594 putat
1541 1521 1683 1580 conl.
1729 1527 1906 1580 Plauti
1944 1527 2132 1580 Pseud.

232 1619 337 1670 486
380 1622 432 1669 et
470 1635 626 1669 merc.
669 1617 789 1669 649.
866 1616 946 1669 De
988 1617 1091 1669 alio
1131 1617 1362 1669 frustulo
1403 1636 1450 1668 v.
1491 1616 1595 1669 397
1638 1616 1756 1668 vide
1796 1616 1951 1668 infra.

379 1693 447 1758 Vss
472 1706 574 1757 201
611 1706 914 1774 nuperrime
939 1704 1218 1757 Vahlenus
1257 1706 1313 1757 111
1348 1705 1551 1774 ephem.
1579 1723 1758 1775 gymn.
1783 1703 1963 1760 Austr.
1993 1705 2130 1757 1871

232 1816 279 1863 p.
322 1795 391 1847 25
434 1814 507 1862 sq.
549 1793 788 1845 defendit
826 1794 1079 1846 traditam
1120 1794 1439 1863 scripturam

279 1883 418 1951 quod
460 1885 541 1934 est
581 1885 702 1934 ante
743 1882 903 1951 pedes
944 1883 1086 1935 ozc'mo
1127 1887 1334 1949 spectat,
1375 1884 1506 1935 caeli
1548 1885 1854 1934 scrutantur
1893 1883 2095 1952 plagas.

231 1971 344 2024 Nec
384 1970 604 2040 negabit
644 1971 925 2038 quisquam
964 1974 1017 2023 et
1048 1971 1241 2023 Latina
1280 1971 1413 2024 haec
1443 1971 1605 2023 verba
1639 1990 1751 2023 6886
1792 1974 1845 2023 et
1882 1971 1939 2023 in
1977 1990 2133 2024 versu

233 2062 303 2112 sic
345 2059 566 2112 formari
612 2059 864 2127 potuisse.
944 2058 1047 2112 Sed
1085 2059 1295 2112 Ennius
1336 2062 1459 2128 post
1498 2079 1582 2127 ea,
1623 2079 1756 2128 quae
1797 2061 2134 2129 antecedunt,

230 2168 357 2200 num
407 2149 481 2199 sic
530 2148 739 2199 locutus
790 2148 859 2199 sit
898 2148 1051 2200 valde
1095 2149 1295 2202 dubito.
1380 2147 1522 2200 Nam
1563 2147 1857 2200 Calchanta
1895 2148 2132 2201 Achilles

231 2237 422 2305 carpit,
475 2237 618 2288 hunc
674 2237 1067 2306 astrologorum
1125 2237 1280 2306 signa
1333 2238 1390 2289 in
1446 2238 1590 2289 caelo
1647 2237 1928 2294 observare
1983 2232 2159 2290 dicit:¹

230 2326 406 2394 potuit
459 2325 614 2376 facile
669 2324 796 2376 hinc
851 2325 917 2377 ad
971 2326 1279 2378 universum
1333 2328 1516 2377 vatum
1581 2343 1750 2395 genus
1803 2325 2131 2378 irridendum

229 2414 478 2481 transire,
518 2413 694 2464 minus
734 2413 888 2465 facile
929 2402 1065 2466 meo
1090 2414 1302 2482 quidem
1343 2433 1500 2466 sensu
1539 2414 1615 2465 ita
1654 2414 1905 2483 transire,
1954 2417 2015 2466 ut
2052 2415 2130 2466 in-

230 2504 428 2571 ciperet
462 2521 488 2552 a
524 2502 811 2570 negatione
846 2520 989 2555 nemo
1028 2521 1139 2555 non
1179 2503 1358 2554 addita
1400 2502 1632 2571 ἰεζ6116118,
1672 2521 1775 2571 quo
1814 2503 1946 2555 illud
1986 2521 2129 2572 spec-

229 2595 341 2642 tare
375 2591 556 2657 vellet,
597 2590 1001 2659 significatione.
1058 2590 1173 2653 Quo
1201 2591 1403 2643 accedit
1437 2593 1519 2642 sat
1551 2608 1712 2660 grave
1743 2591 1945 2644 Donati
1984 2592 2129 2644 testi-

230 2680 489 2746 monium,
539 2678 627 2746 qui
676 2696 738 2730 ex
785 2680 1100 2749 pervulgato
1141 2679 1384 2732 Achillae
1434 2680 1509 2731 ‘in
1556 2680 1856 2748 physicum'
1900 2678 2035 2750 (non
2073 2680 2129 2732 in

230 2765 502 2836 physicos)
545 2767 684 2818 dicto
735 2785 1058 2836 quamquam
1106 2769 1442 2838 glossematis
1492 2772 1673 2837 aperte
1721 2771 1992 2837 corrUpta‚
2039 2769 2129 2820 sed

232 2856 490 2925 singulari
532 2857 670 2906 certe
710 2873 931 2908 numero
964 2874 1067 2909 non
1097 2858 1238 2909 uidet
1275 2859 1327 2909 et
1364 2861 1622 2910 scrutatur
1659 2857 1858 2909 laudat.
1904 2856 1982 2910 Ut
2018 2875 2130 2909 non

230 2948 342 2995 tam
386 2944 486 2995 hoc
529 2944 800 3011 paeniteat
841 2945 980 3013 quod
1019 2945 1298 2997 inventum
1339 2964 1375 3018 a·
1407 2944 1750 2998 Fleckeiseno
1798 2962 1964 2997 noenu
2010 2963 2127 3013 pro-

229 3031 353 3083 bavi
365 3074 378 3099 7
434 3049 592 3098 quam
640 3032 779 3098 quod
834 3033 1094 3101 pluralem
1145 3033 1427 3085 verborum
1482 3034 1784 3102 flagitatum
1830 3033 1896 3084 ab
1945 3032 2129 3086 eodem

230 3138 340 3171 non
379 3120 700 3171 commutavi
748 3121 1020 3190 singulari.
1099 3121 1251 3183 Quod
1300 3123 1343 3173 si
1390 3122 1601 3191 integra
1649 3141 1732 3174 res
1781 3124 1941 3190 esset,
1985 3139 2127 3174 nunc

232 3208 513 3259 scriberem

305 3296 445 3363 quod
464 3297 685 3346 estante
711 3297 869 3363 pedes
895 3300 1100 3351 noenu
1128 3301 1397 3366 spectat,
1424 3299 1554 3350 caeli
1582 3301 1906 3350 scrutatur
1927 3299 2128 3366 plagas,

232 3384 375 3445 Quae
425 3383 566 3451 apud
607 3380 914 3436 Ciceronem
962 3404 1104 3438 nunc
1150 3387 1403 3454 leguntur
1459 3386 1730 3438 diorthota
1776 3386 1955 3438 nescio
2011 3385 2128 3452 quis

231 3472 458 3523 fortasse
501 3471 749 3538 antiquus
790 3473 997 3525 videtur
1038 3477 1367 3527 commentus
1408 3492 1533 3526 esse.
1613 3474 1860 3527 Ceterum
1899 3473 2127 3542 respexit
