2299 3803
241 176 343 229 256
636 176 719 216 Ex
749 175 1032 217 monstris
1055 152 1460 216 ‘INGERTORVM
1492 174 1744 216 FAnvms

995 305 1226 359 LXXVI
1267 303 1387 376 (67)

388 403 574 456 Haibeo
618 404 786 455 istunc
829 420 927 472 ego
969 403 1409 471 perterricrepam
1472 442 1854 454 ......
1887 425 1928 452 ⁴.

1066 520 1327 573 LXXVII

948 619 1170 669 auarum
1211 620 1292 669 est
1328 616 1612 668 mulierum
1651 632 1834 684 genus,

1038 714 1065 744 >ie
1323 714 1350 743 ἓξ(

1180 751 1208 781 ἥς

947 829 1075 863 auro
1118 809 1358 862 uendidit
1396 810 1566 863 uitam
1607 809 1722 861 uiri.

1052 905 1338 959 LXXVIII

245 1006 347 1056 145
1058 1003 1292 1072 prudens
1333 1004 1387 1054 et
1427 1002 1597 1054 sciens

386 1100 470 1151 Ad
511 1101 717 1168 pestem
759 1102 882 1151 ante
925 1100 1106 1152 oculos
1147 1099 1380 1168 positam
1443 1140 1750 1151 .....

1077 1194 1308 1247 LXXIX

242 1294 343 1345 146
364 1296 375 1325 ¹
1011 1291 1328 1361 Aegialeiim
1367 1292 1509 1360 parit

238 1427 505 1479 magnitudo
538 1426 611 1466 uel
644 1427 848 1479 dignitas
880 1427 1118 1476 minuitur,
1154 1431 1222 1465 nt:
1264 1428 1467 1465 saxea’
1503 1437 1538 1463 e.
1572 1437 1612 1476 q.
1646 1437 1681 1466 s.
1723 1424 1846 1464 Idem
1880 1425 1989 1466 VIII
2018 1426 2058 1476 6,
2093 1425 2143 1466 15

241 1488 375 1523 ‘sunt
409 1485 547 1523 etiam
581 1484 803 1534 quaedam
837 1488 881 1523 et
913 1483 1104 1531 humiles
1130 1482 1481 1529 translationes,
1515 1486 1565 1520 ut
1597 1481 1642 1520 id
1676 1481 1730 1521 de
1765 1494 1849 1534 quo
1872 1482 2003 1522 modo
2026 1481 2142 1521 dixi:

237 1553 409 1580 saxea
450 1545 534 1579 est
572 1553 831 1585 uerruea,
876 1544 922 1579 et
962 1539 1207 1580 sordidae.²
1259 1537 1430 1578 Anecd.
1465 1539 1608 1577 Paris.
1644 1536 1899 1578 Ecksteinii
1938 1551 1979 1590 p.
2010 1539 2085 1586 20,
2118 1538 2143 1577 5

238 1596 465 1648 ‘dignitas
507 1597 722 1635 minuitur
760 1601 809 1635 nt
848 1599 1046 1635 saxea'
1090 1608 1124 1634 e.
1161 1609 1200 1647 q.
1234 1607 1267 1634 s.
1331 1595 1401 1634 Cf.
1447 1594 1561 1634 Cato
1601 1594 1721 1646 apud
1760 1593 1959 1634 Gellium
1992 1594 2061 1634 111
2093 1596 2141 1634 7:

239 1653 353 1692 haee
388 1655 489 1704 ipsa
524 1654 688 1692 Catoni
720 1653 881 1693 tribuit
914 1654 988 1692 Fr.
1011 1651 1267 1691 Gronouius
1301 1658 1345 1691 et
1368 1651 1629 1702 ambiguum
1662 1663 1761 1690 esse
1794 1651 2010 1690 iudicium
2042 1663 2143 1689 sen-

234 1711 298 1749 tio
332 1715 380 1747 nt
414 1709 470 1748 H.
503 1709 728 1748 Iol-(lanus
763 1709 862 1750 (fat.
896 1708 994 1749 rell.
1030 1721 1070 1760 p.
1105 1709 1168 1747 18.
1234 1707 1304 1748 Cf.
1339 1707 1532 1746 Pacuuii
1565 1705 1723 1758 Chrys.
1759 1707 1812 1746 fr.
1846 1708 1949 1747 XII.

237 1765 426 1805 LXXVI
467 1765 627 1804 Cicero
668 1769 779 1804 orat.
819 1767 895 1815 49,
929 1767 1008 1805 164
1050 1765 1208 1803 ‘immo
1249 1777 1359 1803 uero
1399 1763 1513 1802 ista’
1556 1760 1719 1815 (uerba
1757 1764 1873 1803 bene
1912 1763 2141 1813 sonantia)

236 1827 509 1873 ‘sequamur
544 1822 928 1874 asperitatemque
963 1821 1210 1873 fuglamus:
1250 1821 1448 1860 habeo’
1483 1832 1519 1860 e.
1545 1832 1585 1871 q.
1610 1831 1643 1860 S.
1731 1819 1947 1859 LXXVlI
1980 1819 2142 1859 Cicero

237 1879 290 1918 de
322 1879 413 1921 inu.
447 1879 466 1917 I
499 1879 572 1925 50,
604 1879 659 1918 94
692 1879 780 1928 (εἰ,
814 1891 913 1918 eum
947 1882 1089 1917 totum
1123 1877 1308 1917 debebit
1339 1875 1606 1926 ostendere,
1639 1875 1693 1917 de
1728 1881 1858 1929 parte
1889 1875 2045 1928 aliqua
2077 1876 2141 1916 lo-

234 1940 417 1986 quatur,
454 1934 539 1974 hoe
573 1933 728 1974 modo:
770 1934 1057 1974 mulierum
1089 1945 1519 1985 genusauarum
1566 1936 1672 1982 est,
1714 1946 1832 1972 nam
1866 1931 2141 1985 Eriphyla

235 2004 364 2030 auro
388 2004 430 2032 u.
455 2003 494 2029 ιι.
519 1995 580 2030 u.'
606 1989 673 2030 Cf.
695 1992 868 2031 Verrin.
891 1992 954 2032 IV
978 1991 1044 2041 18,
1069 1992 1134 2032 39.
1162 1990 1319 2030 Latini
1343 1989 1510 2040 tragici
1532 1989 1674 2029 uerba
1696 1990 1742 2028 in
1765 1989 1833 2030 his
1855 1989 2000 2029 latere
2023 1988 2141 2028 uidit

232 2047 563 2087 Valckenarius
588 2048 734 2088 Diatr.
756 2048 802 2087 in
825 2049 931 2087 Eur.
954 2060 996 2099 p.
1024 2048 1116 2096 157,
1151 2046 1228 2099 qui
1249 2051 1487 2097 utrumque
1511 2058 1691 2085 uersum
1724 2046 1959 2086 coniunxit
1993 2044 2139 2085 altero

233 2105 296 2144 sie
329 2104 631 2143 conformato:
665 2104 794 2144 Nam
829 2103 1099 2156 Eriphyle
1257 2115 1389 2142 auro
1422 2114 1463 2144 u.
1496 2116 1540 2145 u.
1572 2115 1616 2141 u.
1660 2101 1867 2153 Quadrat
1901 2107 1946 2142 et
1976 2101 2063 2142 hoe
2095 2106 2141 2142 et

233 2172 427 2212 sequens
451 2160 502 2199 fr.
536 2161 591 2199 ad
615 2161 847 2213 Epigonos
869 2160 997 2200 Attii.
1091 2160 1328 2200 LXXVIII
1353 2158 1507 2198 Cicero
1540 2157 1596 2197 ad
1622 2158 1729 2199 fam.
1752 2159 1815 2199 VI
1836 2160 1876 2205 6,
1899 2159 1924 2198 6
1957 2160 2140 2210 ‘itaque

232 2217 304 2256 uel
335 2216 483 2256 officio
516 2217 589 2256 uel
620 2216 743 2256 sarna
772 2218 990 2257 bonorum
1021 2216 1095 2256 uel
1126 2216 1296 2269 pudore
1327 2215 1493 2265 uictus,
1524 2219 1574 2254 ut
1605 2216 1651 2254 in
1681 2214 1850 2256 fabulis
1883 2214 2139 2267 Amphia-

232 2286 383 2323 raus,
419 2274 484 2313 sic
517 2285 598 2326 ego
631 2272 871 2325 prudens
998 2275 1236 2326 positam
1271 2284 1368 2312 sum
1401 2272 1672 2324 profectus.’
1771 2270 1965 2311 LXXIX
1996 2270 2139 2320 Quin-

233 2329 418 2369 tilianus
442 2329 549 2369 v111
572 2331 612 2380 6,
638 2332 690 2370 35
723 2330 1138 2377 ‘eataehresis‚
1173 2342 1307 2381 quam
1340 2332 1464 2368 recte
1487 2327 1680 2368 dicimus
1702 2329 1988 2376 abusionem,
2022 2339 2138 2380 quae

232 2399 320 2426 non
352 2386 627 2425 habentibus
666 2399 829 2426 nomen
869 2398 998 2426 suum
1031 2384 1348 2426 adcommodat
1379 2415 1386 2423 .
1415 2416 1424 2426 .
1450 2416 1458 2424 .
1501 2389 1546 2424 et
1577 2384 1726 2437 apud
1757 2385 2014 2435 tragicos
2048 2396 2139 2422 ae-

232 2442 422 2493 gialeo
455 2446 638 2494 paret,
675 2447 721 2482 at
753 2446 916 2495 pater.⁷
970 2440 1239 2494 (trigieos
1272 2442 1475 2483 Ambros.
1509 2453 1565 2479 m.
1602 2443 1621 2479 1
1656 2441 1811 2480 Bamb.
1846 2439 1991 2492 suppl.
2081 2443 2138 2479 at

232 2504 395 2550 pater
426 2504 554 2539 sunt
585 2500 823 2551 Argentor.
858 2504 911 2538 at
942 2503 1104 2551 pater
1138 2502 1221 2538 est
1252 2497 1375 2549 uulg.
1495 2497 1648 2536 Verba
1688 2500 1740 2536 et
1780 2496 1924 2548 apud
1958 2498 2138 2548 tragi-

235 2567 330 2594 cos
363 2554 630 2607 aegialeo
663 2556 799 2594 etiam
831 2556 872 2606 6,
895 2557 948 2595 26
980 2558 1081 2607 post
1111 2554 1226 2594 haec
1260 2554 1344 2593 ‘ab
1377 2552 1637 2594 Hannibale
1672 2555 1830 2593 eaesa’
1864 2553 1910 2592 in
1934 2553 2135 2593 Ambros.

238 2611 396 2651 Bamb.
429 2610 573 2663 suppl.
606 2613 784 2652 Monac.
815 2611 1049 2664 Argentor.
1082 2611 1256 2650 intrusa
1289 2610 1424 2660 sunt.)

233 2762 515 2817 Quintiliani
559 2762 671 2806 libri
706 2762 932 2820 plerique
976 2763 1081 2806 loco
1129 2763 1426 2817 posteriore,
1475 2760 1624 2805 Aldus
1668 2773 1771 2804 saxa
1819 2765 1887 2804 est
1939 2759 2134 2805 Monac.

234 2833 402 2877 Bamb.
430 2848 487 2877 m.
519 2831 547 2876 2
582 2832 695 2877 Tur.
723 2833 828 2877 loco
851 2834 1119 2889 posteriore
1158 2844 1312 2875 saxum
1352 2837 1420 2875 est
1447 2831 1662 2876 Ambros.
1702 2832 1807 2875 loco
1829 2835 1954 2887 post.
1995 2842 2047 2875 ex
2086 2843 2136 2874 ea

232 2909 299 2946 est
341 2903 616 2957 Quintiliani
651 2904 754 2947 loco
791 2905 954 2960 priore
987 2902 1155 2946 Bamb.
1185 2903 1339 2959 suppl.
1369 2901 1622 2960 Arqenlor.
1658 2901 1770 2945 Tur.
1799 2900 1933 2946 Flor.
1962 2915 2018 2945 m.
2051 2914 2131 2958 pr.

237 2973 394 3030 Guelf.
436 2980 561 3017 exeat
589 2974 722 3018 Flor.
765 2988 820 3017 m.
863 2975 944 3017 alt.
975 2973 1167 3017 Monac.
1196 2973 1407 3017 Anzbros.
1448 2986 1506 3015 m.
1538 2970 1566 3015 2
1607 2985 1658 3015 ex
1698 2984 1746 3014 ea
1771 2971 1986 3016 Ambros.
2016 2985 2075 3016 m.
2108 2971 2130 3014 1

231 3057 280 3087 ea
319 3050 387 3088 est
429 3044 561 3088 Galle.
605 3043 733 3087 Voss.
764 3044 788 3088 b
825 3046 992 3101 priore
1029 3046 1133 3088 loeo
1251 3055 1412 3087 aeruca
1452 3041 1732 3097 Quintiliani
1768 3041 1935 3095 BamIJ.
1975 3042 2132 3099 suppl.

233 3114 425 3159 Manae.
455 3114 709 3173 Argenlar.
750 3127 942 3173 uerruga
983 3115 1148 3158 anecd.
1190 3114 1308 3157 Pur.
1430 3113 1624 3156 nesticae
1664 3113 1833 3156 anecd.
1875 3111 1991 3156 Par.

234 3183 329 3227 142
371 3185 499 3228 istam
527 3185 638 3229 libri
754 3184 825 3228 De
864 3185 1145 3243 (nzccpaeslis
1183 3182 1322 3228 habeo
1361 3182 1490 3227 istam
1529 3182 1638 3227 echo
1677 3197 1721 3242 p.
1753 3183 1978 3240 coqilauit
2004 3181 2131 3225 Bue-

231 3255 475 3299 chelerus:
519 3269 611 3312 pro
650 3255 729 3299 illo
769 3252 906 3298 habeo
944 3260 1138 3312 poterat
1176 3267 1319 3313 pauco
1355 3265 1555 3311 ponere.
1706 3251 1802 3297 143
1842 3264 2021 3295 auarum
2063 3257 2131 3295 est

231 3324 465 3368 mulierum
505 3338 648 3383 genus
692 3324 1039 3369 Valckenarius
1067 3324 1300 3369 mulierum
1341 3337 1484 3382 genus
1523 3336 1705 3367 auarum
1743 3328 1810 3366 est
1853 3319 2017 3367 Cicero

234 3393 330 3438 144
372 3396 504 3439 uitam
534 3394 737 3439 uendidit
764 3395 846 3438 uiri
875 3396 1111 3454 Anyelom.
1152 3395 1287 3438 uitam
1330 3394 1410 3438 uiri
1439 3391 1640 3438 uendidit
1672 3392 1831 3438 Tross.
1872 3393 1956 3436 uiri
1994 3392 2130 3436 uitam

233 3464 432 3509 uendidit
471 3468 619 3511 celeri
653 3466 764 3510 libri
878 3463 974 3510 145
1004 3465 1168 3509 Malim
1205 3463 1403 3524 prudens
1430 3464 1574 3508 sciens
1602 3467 1652 3508 ut
1685 3462 1790 3507 Ter.
1830 3462 2034 3508 eunuch.
2066 3459 2129 3507 72

340 3530 462 3580 146¹
502 3535 697 3594 aegialeo
728 3534 882 3593 (aialeo
912 3533 1122 3592 Manae.)
1161 3541 1287 3593 paret
1316 3535 1529 3579 Ainbros.
1560 3533 1747 3578 Monac.
1782 3533 1944 3578 Bamb.
1975 3533 2129 3590 suppl.
