2294 3844
849 239 1283 283 conoLLARlVM
1963 238 2016 281 111

237 377 325 444 qui
367 375 537 443 diicat,
580 394 698 427 cum
739 379 789 427 te
834 374 1025 426 uiderit
1066 378 1327 442 socerum,
1368 375 1649 442 generibus
1691 377 1898 441 tantam

231 484 344 516 esse
386 463 735 532 inpietatem?

122 567 265 628 Quae
306 570 609 636 probarem,
650 568 751 619 nisi
793 567 999 619 Bentlei
1053 568 1118 618 ad
1159 568 1262 620 Cic.
1304 566 1455 618 Tusc.
1498 567 1521 617 l
1563 568 1633 618 44
1682 571 2018 633 prawceptum

119 656 181 707 de
237 676 345 708 non
396 658 662 725 usurpatis
720 657 774 707 in
830 657 1105 724 tragoedia
1154 656 1466 723 septenariis
1516 656 1756 706 iambicis
1808 660 2020 705 vetaret.

120 747 453 814 Quamquam
509 747 563 797 in
618 746 715 796 hac
771 749 954 796 nostra
1018 745 1360 813 reliquiarum
1416 744 1637 812 penuria
1693 744 2020 794 excusandus

118 834 217 885 erit
265 836 353 903 qui
403 854 587 886 sensus
629 835 821 885 iudicio
863 834 1035 901 magis
1079 852 1238 901 quam
1272 852 1489 885 normae
1523 837 1665 884 certo
1708 837 2021 899 argumento

118 922 401 975 destitutae
444 924 712 975 severitati
753 940 936 990 parere
980 922 1232 973 animum*
1256 922 1535 974 induxerit.

265 1025 425 1077 Initio
467 1045 648 1078 versus
678 1028 756 1078 81
801 1026 988 1077 duram
1029 1026 1211 1094 utique
1254 1026 1640 1093 correptionem
1682 1025 1767 1075 sed
1796 1024 2022 1090 (myn'sti-

120 1119 218 1166 tate
265 1115 430 1166 vitare
472 1135 778 1183 possumus,
835 1117 877 1167 si
927 1115 1167 1166 voculam
1215 1116 1336 1178 scd,
1386 1115 1437 1165 id
1480 1114 1619 1182 quod
1668 1114 1797 1180 ipsis
1851 1113 2022 1163 verbis

118 1204 278 1255 etiam
319 1205 680 1256 commendari
721 1205 948 1271 videtur,
990 1223 1098 1255 non
1131 1208 1190 1254 ut
1230 1204 1569 1271 particulam,
1612 1203 1700 1253 sed
1735 1206 1793 1252 ut
1832 1220 2020 1268 prono-

118 1293 275 1343 minis
319 1294 677 1345 accusativum
718 1295 1152 1360 interpretamur,
1202 1293 1561 1360 septenarium
1604 1295 1780 1341 autem
1823 1291 2021 1340 inserto

118 1400 273 1449 quein
315 1383 645 1434 concinnitas
694 1386 905 1434 tantum
947 1401 1054 1433 non
1103 1381 1310 1449 flagitat
1363 1382 1593 1433 ablativo
1637 1384 1758 1430 ante
1801 1379 2019 1446 ‘squali-

116 1470 266 1521 dam'
311 1471 384 1521 sic
425 1471 720 1538 explemus:

323 1574 412 1625 sed
455 1574 782 1642 angustitate
823 1574 1084 1626 inclusam
1126 1574 1260 1641 saxi,
1303 1574 1475 1639 [situ]
1519 1572 1810 1640 squalidam

264 1675 328 1728 V.
363 1678 433 1729 92
467 1696 576 1729 non
616 1676 988 1745 posthabenda
1027 1681 1141 1729 erat
1172 1677 1316 1728 Festi
1358 1676 1618 1742 scriptura
1660 1676 1863 1742 plenior
1910 1676 2023 1726 cedo

114 1767 289 1832 ecquid
327 1770 392 1829 te,
434 1784 538 1834 qua
577 1766 790 1817 initium
833 1767 1117 1834 septenarii
1155 1767 1256 1818 hoc
1297 1765 1542 1816 efficitur:

323 1855 449 1906 cedo
486 1875 496 1906 :
530 1855 753 1924 ecquid
794 1856 847 1906 ei
887 1855 1188 1907 redhostis?

115 1941 256 1993 Nam
304 1943 498 2010 corripi
545 1943 812 1994 interdum
868 1944 1200 2011 pronominis
1256 1944 1420 2010 ecquis
1474 1943 1703 2009 priorem
1761 1941 2020 2007 syllabam

117 2035 199 2082 sat
239 2032 419 2082 multis
461 2032 717 2098 probatur
742 2033 995 2098 exemplis
1030 2052 1060 2082 a
1094 2031 1349 2083 Muellero
1391 2031 1599 2098 prosod.
1626 2029 1796 2080 Plaut.
1823 2048 1870 2096 p.
1897 2030 2017 2088 2013.

114 2121 222 2171 424
265 2139 339 2188 sq.
381 2121 635 2187 collectiS,
678 2138 737 2171 ac
777 2120 1080 2187 nuperrime
1114 2119 1436 2171 Ritschelius
1470 2118 1768 2170 Trinummi
1809 2136 2016 2168 versum

118 2210 224 2261 870
264 2209 405 2260 hunc
446 2209 631 2260 edidit:

188 2313 388 2380 aperite
413 2312 527 2381 hoe,
555 2311 770 2381 aperite.
797 2312 943 2380 heus,
969 2312 1148 2381 ecquis
1173 2311 1256 2362 his
1283 2311 1485 2363 foribus
1511 2310 1734 2361 tutelam
1761 2309 1933 2378 gerit?

116 2416 252 2468 Item
293 2417 432 2484 apud
473 2416 694 2468 Accium
734 2435 778 2468 v.
819 2417 923 2468 231
975 2416 1129 2467 initio
1179 2415 1466 2484 septenarii
1515 2413 1718 2481 ‘ecquis
1766 2412 1866 2463 hoc
1907 2412 2017 2462 ani-

114 2505 440 2557 madu6rtet'
483 2506 724 2574 legimus.
784 2503 1031 2557 Ceterum
1070 2505 1155 2556 hic
1197 2503 1514 2573 quibusdam
1555 2501 1826 2554 Ciceronis
1868 2500 2016 2551 libris

112 2613 222 2645 11011
260 2595 446 2661 ecquis,
487 2595 578 2646 sed
617 2596 755 2661 equis
793 2594 1042 2661 traditur,
1084 2612 1243 2662 quam
1283 2593 1456 2660 ipsam
1496 2592 1724 2642 formam
1766 2607 1848 2639 me
1890 2588 2015 2639 alibi

115 2701 323 2753 quoque
378 2684 434 2734 in
488 2684 747 2752 glossario
803 2683 981 2735 nescio
1039 2700 1142 2751 quo
1197 2682 1493 2749 repperisse
1548 2677 1789 2744 memini3
1853 2681 1906 2728 et
1961 2677 2015 2727 in

115 2771 438 2824 Truculento
495 2771 548 2823 II
597 2773 652 2840 6,
708 2773 739 2823 (3
797 2772 972 2838 ‘equid
1033 2788 1179 2822 amas
1235 2769 1379 2821 me‘?'
1431 2767 1643 2820 Veteris
1701 2766 2015 2817 auctoritate

113 2861 365 2911 firmatur.
426 2858 663 2920 Quadrat
695 2859 879 2912 eodem
911 2861 1139 2927 cquando
1172 2859 1344 2911 forma
1375 2858 1431 2908 in
1464 2855 1708 2908 Parisino
1742 2854 2013 2923 glossario.

115 2948 310 3009 Quidni
358 2949 521 3017 igitur
559 2949 855 3016 composita
902 2966 1021 3000 cum
1069 2947 1297 3016 simplici
1343 2944 1709 2997 interiectione
1750 2961 1794 3006 c,
1844 2942 2013 3011 qualis

114 3038 170 3088 in
209 3038 433 3104 equidem
475 3037 724 3089 adverbio
765 3054 973 3104 semper
1021 3039 1229 3088 servata
1269 3038 1370 3102 est,
1417 3033 1555 3100 equis
1600 3033 1751 3099 equid
1787 3031 2012 3098 equando

114 3127 170 3177 in
208 3145 307 3178 usu
345 3126 508 3177 fuisse
548 3125 727 3193 ibique
767 3124 823 3175 in
862 3142 1017 3176 versu
1045 3125 1231 3198 *locum
1270 3122 1521 3174 habuisse
1563 3123 1882 3186 statuamus,
1922 3118 2010 3169 ubi

115 3215 288 3267 brevis
329 3215 532 3283 syllaba
569 3213 803 3265 numeris
843 3212 1151 3281 flagitatur?
1228 3210 1306 3282 Cf.
1347 3210 1613 3279 symbolas
1653 3226 1797 3260 meas
1837 3225 1885 3274 p.
1925 3207 2010 3257 41.
2034 3240 2045 3248 -

114 3305 200 3356 42.
275 3303 479 3356 Eadem
527 3321 686 3356 causa
732 3306 813 3354 est
859 3303 1094 3371 glossae,
1131 3318 1263 3370 quae
1313 3299 1453 3368 apud
1499 3297 1805 3349 Labbaeum
1853 3297 2010 3361 extat,

116 3393 221 3444 ‘sed
255 3409 438 3460 ecum,
482 3387 686 3452 ἕπιδέ,
739 3391 879 3460 quod
925 3391 1053 3441 item
1094 3389 1322 3441 servavit
1359 3386 1571 3439 Veteris
1617 3383 1885 3449 librariUS,
1934 3399 2008 3432 se-

116 3480 344 3532 cundum
377 3499 533 3549 quem
564 3480 621 3530 in
652 3478 973 3531 Truculento
1006 3477 1056 3530 V
1087 3479 1160 3531 25
1201 3477 1317 3529 ‘sed
1348 3493 1484 3528 ecam
1508 3473 1684 3525 video’
1728 3469 2008 3538 legendum

116 3572 208 3620 est.
292 3568 365 3620 Et
418 3569 475 3618 in
528 3567 826 3619 Trinummi
866 3587 910 3619 v.
964 3567 1071 3619 622
1119 3583 1380 3618 consensu
1435 3564 1697 3614 bonorum
1752 3558 2007 3609 librorum

1593 3660 1656 3703 d*
