2294 3844
221 264 316 314 192
1011 264 1062 306 L.
1094 262 1311 303 ATTIVS

1048 391 1151 443 VII
1220 393 1254 444 ἵ)

357 489 542 557 Neque
585 493 754 540 ratuni
799 494 878 540 est
919 488 1058 556 quod
1100 390 1277 552 alferis?
1309 506 1478 557 neque
1523 485 1623 559 [ea]
1666 508 1799 558 quae
1829 491 2000 559 agitas
2041 491 2113 542 di-

1538 585 1689 636 cendi
1730 588 1810 637 est
1850 587 2011 639 100113.

1026 686 1164 740 -VIII
1206 684 1288 758 (2)

362 784 556 840 Credin
598 805 680 837 1116
722 786 874 836 amici
918 785 1087 836 morte
1128 784 1441 836 inbuturlim
1482 784 1708 836 manus?

1047 902 1126 954 1){
1167 900 1288 973 (12)

360 1002 586 1053 Parzitus
627 1020 743 1052 311111
783 1001 957 1052 ubiuis
999 1001 1177 1068 petere
1216 1002 1422 1067 pestem
1462 1001 1688 1068 permiti.

1056 1117 1105 1169 11
1148 1115 1268 1187 (11)

211 1218 317 1267 435
357 1215 459 1267 His·
488 1216 854 1284 Melanippum
880 1215 1021 1266 11113111
1046 1214 1300 1266 traiecbus
1325 1215 1620 1283 nemorum,
1645 1215 1702 1266 111
1729 1215 1849 1266 331131
1873 1215 2116 1267 faucibus

365 1428 537 1500 {Cum}
582 1429 849 1480 obuiamst
891 1429 1061 1498 adque
1088 1429 1374 1481 {iduorsuln
1404 1434 1582 1499 aptus,
1624 1431 1757 1481 111161·
1780 1431 1833 1481 111
1862 1433 2113 1498 promptu

1546 1527 1784 1595 occupat.
2115 1512 2131 1526 ⁵

362 1726 617 1779 Constitit
658 1728 915 1796 cognouit
955 1727 1142 1795 sensit,
1184 1727 1428 1778 conlocat
1469 1745 1580 1778 3636
1622 1724 1679 1778 111
1719 1728 1895 1779 locum

360 1822 593 1876 Celsum:
641 1824 767 1875 hinc
807 1824 1053 1875 manibus
1094 1824 1279 1892 rzipere
1319 1823 1516 1875 raudus
1567 1825 1783 1875 3111161111]
1824 1824 2025 1893 grande
2067 1826 2119 1876 et

1548 1938 1726 1990 graue.

325 2083 410 2123 VII
441 2083 608 2123 Festus
641 2097 680 2136 p.
702 2085 784 2124 274
805 2083 864 2124 M.
895 2087 1078 2125 ‘ratus
1111 2096 1222 2123 sum
1255 2081 1488 2136 signifieat
1518 2083 1699 2136 putaui,
1733 2083 1812 2123 sed
1835 2083 2008 2136 alioqui
2039 2097 2119 2138 pro

213 2140 358 2190 firmo,
400 2145 523 2180 certo
557 2141 737 2192 ponitur
775 2145 903 2181 ratus
935 2148 981 2182 et
1013 2146 1158 2180 ratum
1191 2161 1243 2168 —-
1285 2144 1332 2179 et
1362 2140 1529 2180 Accius
1567 2141 1615 2180 in
1654 2140 2003 2193 Menalippo:
2044 2153 2120 2181 ne-

217 2200 327 2249 que’
363 2209 398 2236 6.
432 2209 473 2248 q.
507 2209 540 2236 3.
685 2197 795 2237 VIII
827 2198 939 2241 Non.
972 2199 1075 2246 521,
1108 2200 1130 2238 7
1173 2197 1434 2237 ‘inbuere
1480 2196 1763 2237 consuetudo
1796 2196 2012 2237 inducere
2044 2197 2120 2238 uel

212 2252 393 2292 inficere
435 2254 688 2302 existimat,
728 2267 828 2293 cum
868 2255 928 2294 sit
968 2256 1150 2307 proprie
1189 2252 1423 2293 maculare
1463 2253 1538 2294 uel
1571 2252 1775 2306 polluere
1815 2253 1889 2293 uel
1922 2252 2120 2297 inficere,

214 2311 384 2349 Accius
416 2310 649 2349 Armorum
682 2310 853 2350 iudicio
988 2310 1109 2350 idem
1140 2308 1464 2362 Melanippo
1495 2342 1503 2349 .
1524 2314 1585 2351 ..³
1721 2309 1787 2350 IX
1817 2310 1932 2350 Non.
1963 2311 2060 2360 219,
2098 2311 2118 2349 1

212 2367 544 2418 ‘pernities’
589 2366 910 2418 (permities
944 2367 1096 2417 Leid.,
1139 2368 1278 2407 etiam
1316 2367 1362 2406 in
1394 2367 1450 2406 W
1482 2379 1508 2406 n
1549 2366 1751 2406 radendo
1794 2380 1849 2406 ex
1890 2380 1931 2406 m
1973 2367 2118 2407 facta.

214 2422 282 2461 Cf.
325 2422 428 2464 adn.
471 2423 528 2462 ad
563 2423 674 2462 Enn.
709 2419 808 2476 229)
851 2424 1056 2476 ‘generis
1097 2423 1321 2464 feminini.
1383 2423 1586 2463 Lucilius
1625 2422 1892 2474 Satyrarum
1933 2422 2014 2464 lib.
2057 2435 2118 2463 11:

214 2483 392 2530 pestem
435 2479 762 2531 pernitiemque
804 2484 968 2520 catax’
1002 2495 1040 2521 e.
1075 2493 1116 2533 q.
1149 2492 1182 2519 s.
1247 2480 1425 2520 ‘neutri
1455 2479 1620 2520 Accius
1658 2479 1978 2531 Menalippo
2009 2509 2018 2519 .
2046 2510 2053 2518 .
2081 2482 2118 2519 .’

217 2535 567 2587 (Melanippo
599 2535 747 2585 Leid.)
865 2536 906 2575 X
936 2536 1052 2577 Non.
1084 2538 1188 2587 485,
1223 2538 1276 2576 29
1319 2535 1487 2576 ‘salti
1519 2549 1599 2588 pro
1631 2535 1788 2578 saltus.
1820 2537 1982 2575 Accius
2013 2537 2119 2575 Me-

214 2592 447 2643 lanippo
479 2596 570 2631 ...³
606 2592 957 2644 (Menalippo
989 2592 1169 2643 Bamb.)
1290 2593 1353 2632 XI
1383 2591 1496 2630 Non.
1531 2594 1632 2640 234,
1668 2593 1721 2630 24
1753 2595 1946 2643 ‘aptus
1979 2592 2120 2644 signi-

218 2646 324 2685 ficat
356 2647 563 2699 adeptus.
592 2649 757 2687 Accius
790 2648 1108 2701 Menalippo
1141 2680 1149 2689 .
1169 2679 1177 2687 .
1197 2653 1232 2688 .’
1350 2648 1438 2688 XII
1463 2649 1624 2688 Festus
1657 2661 1698 2700 p.
1723 2649 1804 2687 265
1833 2647 1892 2687 Μ.
1929 2648 2120 2688 ‘rodus

219 2703 292 2743 nel
332 2703 498 2743 raudus
539 2704 769 2755 significat
810 2717 901 2744 rem
942 2705 1098 2745 rudem
1141 2708 1186 2744 et
1217 2705 1560 2758 imperfectam:
1602 2717 1704 2744 nam
1743 2716 1899 2743 saxum
1939 2716 2118 2756 quoque

217 2759 386 2799 raudus
418 2759 655 2812 appellant
688 2765 875 2812 poetae,
911 2767 959 2800 ut
992 2762 1157 2801 Accius
1189 2761 1234 2801 in
1266 2760 1552 2813 Melanippo:
1588 2760 1850 2801 constituit’
1885 2774 1922 2801 e.
1957 2773 1996 2813 q.
2028 2773 2062 2800 s.

320 2923 420 2969 432
463 2937 511 2967 ea
554 2924 767 2982 Vossius,
801 2940 885 2969 om.
917 2927 1017 2970 cod.
1154 2923 1254 2971 433
1284 2925 1434 2970 credin
1472 2938 1540 2969 me
1581 2925 1820 2970 Vsenerus
1855 2923 2023 2969 credite
2051 2937 2119 2969 1116

214 2995 325 3039 libri
353 2996 575 3052 plerique
612 2994 800 3051 credite,
843 3010 928 3040 om.
959 3009 1046 3052 me,
1083 2996 1140 3039 W
1174 2995 1379 3040 credisne
1419 2996 1702 3040 Welclcerus
1726 2998 1756 3040 l.
1785 2998 1818 3040 l.
1842 3010 1892 3053 p.
1922 2994 2024 3041 854

222 3065 525 3121 Temptabam
551 3064 790 3110 creditisne
817 3065 915 3110 med
943 3066 1068 3110 amici
1091 3059 1100 3067 ⁴
1160 3073 1306 3111 morte
1332 3066 1503 3111 Iunius
1529 3073 1718 3110 mortem
1742 3067 1854 3111 libri
1940 3063 2120 3109 inbuto·

218 3148 312 3177 rum
343 3147 470 3178 manu
499 3134 668 3179 Bamb.
785 3135 886 3181 434
913 3137 1143 3196 permities
1170 3137 1300 3181 Leid.
1327 3137 1540 3196 pernities
1570 3138 1720 3181 ceteri
1741 3137 1855 3181 libri
1877 3135 2116 3195 pernitiam

217 3205 473 3249 ,llercerus
498 3218 578 3264 per
606 3218 756 3249 necem
782 3206 979 3254 Bollzius
1003 3206 1029 3250 2
1130 3205 1230 3252 435
1259 3205 1554 3267 Menalippum
1585 3206 1752 3252 Bamb.
1849 3201 1919 3251 inf
1946 3205 2116 3250 Bamb.

215 3276 384 3319 interea
425 3275 482 3318 W
516 3275 634 3318 inter
674 3276 865 3321 Vossius
967 3277 1087 3321 saltis
1114 3278 1174 3321 W
1274 3276 1376 3323 436
1405 3291 1505 3322 cum
1533 3292 1619 3322 om.
1645 3278 1757 3322 libri
1850 3275 2024 3320 obuiam
2052 3283 2120 3320 est

218 3345 421 3390 Bothius
448 3344 475 3388 2
506 3343 636 3389 obuia
663 3358 785 3389 mens
813 3347 923 3391 libri
957 3346 1131 3392 obuiam
1170 3360 1275 3391 ense
1305 3349 1496 3393 Grotius
1521 3347 1648 3392 Bibl.
1672 3349 1780 3392 crit.
1805 3360 1914 3391 nou.
1934 3345 1967 3390 Ι
1978 3346 2017 3391 V

218 3409 385 3476 adque]
418 3414 551 3474 idque
577 3415 706 3472 libri,
745 3418 837 3460 nisi
871 3419 998 3474 quod
1020 3416 1214 3476 denique
1250 3431 1331 3462 ms.
1363 3418 1560 3462 Barthii
1591 3418 1624 3460 it
1653 3417 1843 3462 Grotius
1870 3415 1993 3475 it'que
2021 3417 2115 3461 Bo·

220 3486 343 3529 thius
370 3484 398 3528 2
499 3484 679 3529 obuium
701 3486 885 3545 ensique
908 3486 1241 3532 Buecheleras
1349 3486 1475 3531 alteri
1505 3499 1588 3532 ms.
1619 3486 1813 3531 Barthii
1931 3485 2116 3531 occubat

219 3569 302 3599 ms.
332 3555 526 3600 Barthii
663 3554 762 3601 437
803 3557 1004 3601 constitit
1030 3558 1081 3601 Α.
1107 3558 1399 3616 Auyuslinus
1425 3560 1471 3601 in
1492 3573 1578 3616 my.
1609 3557 1843 3602 constitnit
1871 3558 1973 3602 cod.

220 3624 320 3670 438
350 3625 513 3670 raudus
545 3624 593 3670 0.
627 3625 889 3671 Muellerus
916 3626 1083 3671 roudus
1121 3629 1220 3672 aad.
1263 3627 1400 3671 rodus
1440 3628 1733 3688 Auyustinus
1865 3626 2033 3687 grande
2072 3635 2116 3672 ct
