2294 3844
212 287 215 288 ¹
199 239 228 279 J)

949 238 1037 277 CN.
1072 236 1332 278 NAEVIVS

1044 366 1121 417 IX
1164 364 1247 434 (ὃ)

423 504 428 510 .
459 505 464 511 .
494 464 720 529 quzimne
763 462 1031 529 quondam
1071 461 1293 513 fulmine
1335 461 1426 512 icit
1465 460 1741 529 Iuppiter?

1059 571 1108 623 X
1150 570 1233 642 (8)

346 668 628 720 ’ΔΙ-(1111111135
671 668 939 735 suppetiat
978 685 1144 734 prone
1187 709 1504 719 .......

664 845 669 849 ¹
783 777 859 829 XI
902 776 1026 847 (inc.
1051 781 1186 847 trag.
1219 779 1282 830 16
1309 779 1424 830 add.
1456 778 1522 847 1.)

350 873 454 925 Suo
497 875 675 925 sonitu
717 875 858 926 claro
899 874 1179 943 fulgoriuit
1217 873 1470 943 Iuppiter.

818 984 1052 1046 EQVOS
1101 984 1468 1038 TROIANVS

244 1082 308 1205 ἐξ
348 1116 654 1185 Numquam
694 1117 850 1169 hodie
893 1117 1111 1186 effugies
1154 1116 1285 1186 quin
1324 1137 1441 1170 mea
1482 1117 1726 1171 moriaris
1767 1137 1942 1169 manu.
2061 1133 2100 1162 15

730 1249 1022 1302 HECTOR
1061 1249 1574 1304 PROFICISCENS

842 1361 867 1412 I
908 1359 1072 1431 (Enn.
1099 1360 1252 1413 Hect.
1277 1362 1334 1413 L.
1365 1360 1456 1433 19>

351 1456 499 1508 Tunc
526 1457 669 1524 ipsos
696 1457 963 1526 adoriant,
987 1457 1320 1543 nfflhinss
1347 1457 1593 1527 Spartam
1618 1452 1814 1511 referat
1838 1459 2101 1512 nuntium.

828 1567 882 1619 II
925 1565 1089 1638 (ΕΗΒ.
1113 1568 1266 1620 Hect.
1293 1568 1349 1621 L.
1381 1568 1470 1639 18)

352 1663 547 1714 Laetus
590 1681 706 1714 sum
746 1664 952 1715 laudari
992 1683 1075 1716 me
1117 1665 1211 1716 abs
1251 1668 1325 1733 te,
1365 1666 1538 1734 pater,
1580 1685 1606 1716 a
1648 1666 1863 1718 laudato
1906 1667 2035 1718 uiro.

317 1824 382 1863 IX
413 1825 528 1864 Non.
566 1825 664 1874 124,
699 1826 750 1864 14
782 1826 916 1865 ‘icit
949 1825 1180 1878 significat
1211 1828 1432 1877 percutit,
1475 1828 1531 1867 ab
1565 1828 1658 1867 ictu
1669 1858 1875 1869 ........
1898 1832 1908 1851 ’
1946 1827 2105 1879 (Nae-

206 1878 358 1933 uius]
394 1881 446 1919 in
471 1881 671 1932 equius
694 1880 843 1933 Leid.)
961 1882 1001 1921 X
1022 1883 1134 1922 Non.
1161 1885 1253 1933 138,
1278 1885 1327 1924 17
1352 1883 1690 1934 ‘manubias,
1713 1897 1871 1924 manus
1895 1885 2122 1928 exubiae(

205 1939 255 1977 N.
277 1937 430 1977 Dane.
449 1967 457 1975 .
478 1941 512 1976 .’
630 1936 694 1975 XI
720 1939 834 1980 Non.
859 1940 952 1984 110,
980 1940 1029 1978 17
1054 1942 1066 1961 ‘
1084 1938 1413 1990 fulgoriuit,
1438 1940 1662 1991 fulgorem
1685 1941 1797 1981 fecit
1821 1940 1895 1981 uel
1916 1941 2105 1988 fulmine

208 1994 401 2033 afflauit.
426 1994 477 2031 N.
497 1993 525 2032 S
542 2006 606 2031 an
622 2006 701 2033 ea.
720 2024 729 2033 .
750 2024 758 2032 .
773 1997 784 2016 ’
810 1993 868 2043 (D
882 2008 986 2034 aua
1001 2008 1024 2034 e
1045 1995 1242 2045 Junius).
1301 1996 1550 2036 Ariolando
1575 1995 1720 2037 addas
1743 1998 1832 2037 inc.
1852 2010 1966 2037 nom.
1992 1997 2026 2038 Ι.
2045 1997 2104 2038 ΙΙ.

317 2049 473 2095 EQvos
497 2049 737 2089 Tssomxvs
760 2049 1021 2091 Macrobius
1052 2051 1151 2091 Sat.
1173 2053 1236 2092 VI
1262 2054 1298 2103 1,
1322 2054 1376 2093 38
1400 2052 1671 2105 ‘Vergiliuffi
1706 2066 1949 2106 numquam
1973 2054 2104 2094 hodie

208 2106 424 2157 effugies,
457 2105 638 2145 ueniam
672 2118 954 2158 quocumque
987 2108 1204 2147 uocaris.’
1238 2107 1354 2157 (Ecl.
1378 2112 1418 2160 3,
1441 2108 1512 2159 49)
1547 2109 1768 2149 ‘Naeuius
1790 2110 1836 2149 in
1858 2122 1974 2161 equo
1996 2110 2107 2149 Tro-

206 2164 365 2202 iano..
393 2165 434 2202 .’
481 2161 710 2200 Incertum
741 2168 811 2201 est
841 2167 990 2203 utrum
1031 2176 1086 2203 ex
1115 2164 1282 2203 Naeuii
1323 2165 1480 2205 fabula
1513 2178 1571 2204 an
1613 2178 1667 2204 ex
1698 2166 1789 2206 alia
1829 2167 1886 2217 (e.
1918 2179 1960 2218 g.
1991 2167 2107 2207 Attii

205 2216 461 2270 Deiphobo)
495 2221 675 2270 sumpta
708 2219 799 2257 sint
831 2219 919 2262 inc.
952 2224 1071 2272 poet.
1106 2220 1191 2259 VII
1224 2225 1268 2260 et
1301 2221 1410 2261 VIII

318 2275 510 2314 Hficron
543 2275 885 2315 PROFICISCENS
917 2277 939 2315 I
969 2276 1232 2317 Priscianus
1266 2278 1373 2317 VIII
1404 2292 1444 2330 p.
1467 2281 1545 2319 801
1580 2279 1628 2322 Ρ,
1644 2278 1865 2329 §adorior
1897 2281 1942 2318 et
1974 2278 2106 2320 ado-

208 2345 225 2369 r
245 2332 294 2369 io
315 2361 323 2371 .
348 2361 356 2370 .
384 2361 392 2368 .
433 2330 639 2369 Naeuius
679 2331 726 2369 in
765 2331 964 2371 Hectore
1005 2332 1322 2384 proficiscente
1343 2365 1352 2374 .
1380 2364 1389 2372 .
1416 2364 1424 2373 .
1447 2338 1458 2357 ’
1502 2334 1572 2384 (in
1613 2335 1682 2375 -11-
1715 2335 1960 2375 Hectore
1990 2335 2107 2376 Bon-

211 2399 329 2435 gram,
364 2387 408 2424 in
441 2386 509 2425 ΙΙΙ
541 2386 785 2426 Hectore
824 2387 911 2426 duo
941 2388 1140 2428 Darmst.
1173 2389 1364 2428 Carolir.
1396 2392 1419 2429 2
1462 2403 1560 2430 cum
1593 2391 1948 2436 recentioribus)
2064 2393 2108 2432 ΙΙ

212 2440 371 2483 Cicero
395 2442 528 2485 Tusc.
561 2441 678 2493 disp.
703 2443 764 2481 IV
787 2445 859 2490 31,
891 2445 944 2483 67
968 2444 1125 2484 ‘aliter
1155 2445 1272 2484 enim
1294 2446 1560 2487 Naeuianus
1583 2446 1659 2486 ille
1683 2447 1856 2498 gaudet
1877 2448 2106 2488 Hector:

210 2500 398 2538 laetus
439 2527 482 2538 ..
509 2528 518 2537 .
569 2497 706 2537 aliter
744 2498 821 2538 ille
860 2500 979 2552 apud
1018 2500 1273 2543 Trabeam!
1336 2501 1461 2542 Idem
1500 2504 1557 2543 ad
1597 2503 1738 2546 famil.
1773 2505 1810 2542 V
1844 2505 1893 2543 12
1925 2504 2108 2556 ‘placet

214 2555 330 2595 euim
366 2555 540 2593 Hector
571 2553 650 2592 ille
682 2554 791 2594 mihi
822 2555 1107 2605 Naeuianus,
1143 2557 1219 2608 qui
1250 2570 1339 2597 non
1371 2562 1546 2599 tantum
1579 2559 1799 2599 laudari
1831 2573 1886 2599 se
1920 2560 2106 2600 laeta-

210 2619 323 2659 tur,
369 2609 448 2650 sed
490 2609 618 2648 addit
651 2611 789 2649 etiam
823 2624 849 2649 a
881 2611 1113 2652 laudato
1145 2614 1298 2657 uiro.’
1358 2615 1483 2655 Idem
1524 2616 1580 2655 ad
1622 2616 1763 2656 famil.
1797 2616 1879 2656 XV
1909 2619 1934 2657 6
1967 2616 2109 2656 ‘lae-

165 2695 167 2697 -
211 2674 302 2706 tus
335 2678 445 2706 sum
476 2665 707 2706 laudari
738 2680 836 2717 me,
868 2669 1020 2719 inquit
1040 2669 1237 2718 Hector,
1268 2673 1449 2723 opinor,
1484 2672 1604 2725 apud
1625 2673 1868 2723 Naeuium,
1900 2673 1998 2714 abs
2030 2679 2108 2723 te,

212 2726 400 2775 pater,
442 2735 468 2760 a
507 2721 740 2762 laudato
779 2724 910 2763 uiro.
978 2724 1047 2764 Ea
1085 2730 1154 2766 est
1187 2727 1305 2766 enim
1343 2728 1550 2779 profecto
1590 2729 1786 2768 iucunda
1825 2728 1946 2778 laus,
1993 2741 2107 2781 quae

211 2780 267 2819 ab
301 2779 357 2818 iis
389 2776 710 2829 proficiscitur,
751 2779 825 2830 qui
864 2781 955 2832 ipsi
995 2781 1041 2820 in
1078 2781 1212 2823 laude
1245 2783 1488 2824 uixerunt.’
1550 2786 1727 2825 Seneca
1759 2785 1893 2836 epist.
1925 2785 2054 2825 XVII
2084 2788 2108 2824 2

211 2836 334 2884 (102,
372 2836 439 2883 16)
475 2838 602 2873 ‘cum
634 2835 835 2887 tragicus
868 2836 948 2875 ille
988 2837 1106 2888 apud
1146 2852 1225 2879 nos
1264 2839 1329 2879 ait
1359 2840 1648 2892 magnificum
1690 2853 1789 2881 esse
1829 2841 2051 2881 laudari
2082 2855 2107 2881 a

213 2891 443 2930 laudato
475 2891 617 2939 uiro,
647 2890 784 2932 laude
820 2891 955 2944 digno
987 2892 1085 2935 ait)
1138 2893 1207 2935 Cf.
1247 2893 1504 2947 Symmachi
1534 2897 1680 2949 Epist.
1710 2898 1731 2938 I
1763 2898 1801 2937 3.
1834 2898 1897 2938 IX
1931 2898 2010 2938 110

356 3068 415 3111 11
447 3081 634 3126 quamne
665 3071 841 3125 scripsi
867 3084 976 3128 quae
1001 3072 1111 3116 libri
1136 3086 1264 3130 quan]
1281 3073 1443 3119 Delrio
1472 3088 1604 3133 quem
1627 3074 1901 3120 Scrizcerius
1921 3073 2108 3130 Semela,

214 3152 341 3197 quam
385 3137 618 3196 Berqlcius
643 3139 673 3181 l.
700 3139 728 3180 l.
865 3140 1087 3197 quondam
1114 3142 1290 3188 chm‘us
1316 3143 1533 3202 quandam
1559 3145 1673 3189 libri
1766 3144 1946 3188 flumine
1985 3145 2045 3189 W

215 3221 490 3267 nequaquam
519 3207 702 3250 Danaam
732 3207 762 3250 s.
792 3208 820 3250 i.
851 3210 880 3252 Ι.
910 3211 1241 3257 Bueclzelerus
1378 3213 1436 3257 12
1466 3213 1690 3273 manubias
1717 3215 1942 3274 suppetiat
1967 3227 2107 3274 prone

214 3281 389 3336 scripsi
406 3276 628 3321 manubias
651 3275 857 3335 subpetat
876 3294 958 3338 pro
984 3295 1050 3325 me
1071 3283 1181 3326 libri
1289 3283 1351 3327 14
1372 3297 1441 3342 sq.
1466 3287 1698 3343 inteyrum
1719 3297 1847 3329 nunc
1867 3286 2108 3329 senarium

216 3351 404 3393 restitui
498 3361 592 3392 mea
612 3360 742 3391 manu
771 3350 958 3393 moriare
983 3352 1107 3405 libri,
1138 3353 1308 3410 quibus
1329 3356 1461 3398 nolui
1477 3357 1547 3398 uli
1565 3355 1629 3398 ad
1648 3357 1884 3399 octonarii
1897 3355 2110 3412 frustum

216 3420 564 3463 dimetiendum.-
603 3430 841 3475 numquam
868 3417 999 3464 1101110
1026 3434 1063 3464 c.
1108 3422 1214 3479 quin
1244 3436 1337 3466 mea
1364 3423 1495 3466 manu
1524 3424 1709 3467 moriare
1739 3458 1747 3467 .
1780 3458 1790 3467 .
1818 3459 1827 3468 .
1942 3424 2004 3469 1ss
2033 3425 2107 3483 qui

217 3489 318 3531 hinc
367 3489 418 3532 G.
458 3488 768 3532 Hermamzus
815 3489 964 3535 Elem.
1012 3492 1055 3534 d.
1095 3506 1153 3535 m.
1191 3506 1240 3548 p.
1285 3491 1382 3537 633
1424 3493 1522 3551 quis
1561 3493 1664 3536 hinc
1699 3494 1811 3538 libri
1916 3493 2110 3539 referant

219 3558 425 3603 Darmse.
468 3559 494 3602 b
534 3564 578 3602 et
617 3556 819 3609 Dorum.
970 3560 1030 3605 17
1070 3574 1138 3604 me
1178 3576 1260 3606 om.
1303 3561 1426 3606 Pillz.
1468 3565 1515 3606 in
1558 3561 1694 3608 Tusc.
