2294 3844
832 935 1444 1002 PRAEFATIO

336 1223 676 1274 h'etractatao
740 1223 985 1274 secundis
1048 1224 1186 1274 curis
1250 1224 1521 1275 scaenicae
1586 1224 1759 1290 poesis
1823 1224 2089 1291 reliquiae,

188 1331 318 1379 quas
361 1316 484 1362 ante
534 1315 786 1378 quattuor
834 1314 997 1362 ferme
1046 1313 1214 1363 lustra
1255 1312 1671 1363 adulescentiam
1712 1312 1796 1362 vix
1845 1329 2087 1381 egressus

186 1402 459 1467 tamquam
485 1400 748 1467 primitias
775 1399 1071 1450 studiorum
1098 1400 1257 1467 edidi,
1298 1401 1437 1467 quod
1464 1400 1645 1451 multis
1671 1400 1800 1451 loeis
1827 1400 2085 1451 diversam

186 1491 344 1555 atque
371 1491 430 1539 ut
470 1505 622 1555 spero
664 1488 968 1556 probiorem
1010 1488 1183 1556 priore
1224 1491 1453 1541 formam
1493 1489 1804 1555 induerunt,
1843 1507 1953 1539 non
1994 1489 2085 1539 mi-

186 1577 390 1627 rabitur
437 1577 547 1644 qui,
596 1580 855 1644 quantum
902 1577 958 1627 in
998 1577 1082 1627 his
1129 1577 1320 1628 litteris
1367 1578 1486 1645 plus
1536 1577 1725 1646 viginti
1774 1594 1867 1644 per
1918 1594 2087 1628 annos

186 1665 517 1717 elaboratum
559 1665 648 1732 sit,
689 1665 867 1716 animo
909 1666 1250 1733 reputaverit.
1305 1664 1446 1717 Nam
1487 1669 1539 1717 et
1577 1668 1754 1717 fontes
1794 1664 2087 1717 frustorum

185 1754 286 1821 ipsi
325 1753 478 1805 novis
520 1754 715 1821 partim
758 1753 1000 1805 codicum
1041 1754 1290 1805 subsidiis
1330 1753 1580 1805 instructi
1621 1756 1779 1821 atque
1821 1752 2087 1804 emendati

186 1846 311 1894 sunt
362 1845 414 1893 et
455 1842 713 1902 sermonis
763 1843 970 1910 antiqui
1011 1843 1248 1911 cognitio
1290 1861 1399 1894 una
1439 1860 1558 1894 eum
1608 1841 1888 1910 prosodiae
1937 1841 2085 1892 artis-

186 1948 286 1998 que
328 1930 579 1981 metricae
621 1931 844 1982 seientia
885 1931 1169 1983 coniuncto
1211 1932 1502 1983 multorum
1551 1930 1726 1982 studio
1768 1933 1930 2000 atque.
1967 1947 2086 1980 aeu-

185 2019 348 2086 mine,
387 2018 661 2086 praeclara
686 2019 929 2086 inprimis
957 2020 1294 2087 sospitatoris
1318 2019 1554 2071 Plautini
1582 2018 1872 2087 sagacitate
1912 2017 2086 2068 multi-

183 2108 374 2159 faria-m
399 2110 552 2159 aucta
581 2110 739 2174 atque
767 2107 831 2158 ad
865 2108 1252 2175 probabiliores
1277 2126 1493 2160 normas
1526 2108 1741 2159 redacta
1766 2109 1859 2158 est.
1898 2104 2085 2173 Neque

184 2215 389 2264 eorum,
437 2214 570 2264 quae
611 2195 829 2247 iuvenili
877 2197 960 2247 vel
999 2197 1215 2248 levitate
1255 2197 1339 2248 vel
1383 2196 1691 2247 infirmitate
1731 2212 2088 2262 peccaveram,

184 2286 468 2337 defuerunt
521 2287 845 2336 correctores
858 2327 870 2352 ,
933 2285 1023 2353 qui
1078 2303 1211 2353 quae
1259 2286 1599 2353 protulerunt
1654 2283 1806 2335 utilia
1853 2281 2086 2349 mihique

184 2374 422 2426 nondum
469 2374 611 2425 ultro
661 2374 878 2442 cognita
926 2376 980 2425 et
1025 2373 1245 2425 inventa
1294 2392 1405 2425 non
1451 2373 1569 2424 ideo
1618 2372 1793 2423 minus
1843 2370 2087 2439 gnaviter

184 2462 375 2531 collegi
417 2465 574 2529 atque
624 2461 853 2529 excussi,
902 2462 946 2513 si
992 2462 1175 2514 livoris
1224 2465 1277 2514 et
1323 2460 1675 2530 malignitatis
1722 2459 1864 2511 notis
1912 2459 2084 2510 detur-

183 2553 311 2619 pata
350 2552 530 2602 essent
570 2567 630 2600 ae
670 2553 950 2601 venenata..
1028 2549 1202 2612 Quid?
1251 2550 1391 2619 quod
1430 2567 1497 2601 ne
1544 2548 1827 2600 temeraria
1874 2546 2083 2614 quidem

184 2643 237 2690 et
275 2638 477 2690 futtilia
517 2637 796 2690 doctorum
835 2638 1115 2690 hominum
1149 2641 1451 2691 commenta-
1485 2637 1697 2689 silentio
1738 2634 2085 2704 praetermisi,

185 2745 412 2795 quorum
445 2726 950 2779 commemoratione
985 2727 1028 2779 si
1069 2728 1145 2778 nil
1186 2727 1329 2779 aliud
1370 2729 1425 2778 at
1454 2726 1558 2778 hoe
1591 2725 1779 2776 saltem
1813 2722 2085 2789 efficietur,

184 2818 243 2867 ut
273 2833 339 2866 ne
379 2815 573 2866 iterum
607 2815 904 2883 iterumque
940 2819 1117 2868 vetera
1151 2816 1358 2868 somnia
1390 2833 1485 2883 pro
1522 2814 1629 2865 suis
1654 2812 1931 2865 venditent
1963 2828 2083 2862 eon-

183 2904 424 2955 iectoreS.
499 2901 641 2954 Nam
674 2903 877 2956 alienus
920 2904 985 2955 ab
1027 2922 1210 2957 eorum
1248 2903 1465 2956 fastidio
1507 2920 1624 2954 sum
1664 2904 1716 2952 et
1757 2899 1923 2951 atroci
1963 2916 2084 2950 eon-

184 2991 427 3059 fidentia,
475 2991 565 3058 qui
605 2991 788 3043 critica
836 2992 1036 3044 scilieet
1083 2993 1364 3044 severitate
1413 3007 1661 3042 excussos
1707 2990 1885 3040 textus
1933 2986 2083 3038 edere

183 3079 410 3148 professi
448 3096 545 3147 pro
588 3097 683 3131 suo
725 3080 944 3132 arbitrio
992 3081 1076 3131 vel
1123 3080 1423 3148 principum
1471 3079 1527 3129 in
1572 3078 1673 3129 hae
1721 3080 1834 3128 arte
1881 3074 2082 3127 coniec-

183 3172 330 3219 turas
371 3167 614 3237 egregias
654 3185 766 3220 non
807 3185 1054 3236 spernere
1094 3171 1328 3236 tantum,
1368 3166 1458 3219 sed
1495 3165 1785 3233 oblivione,
1825 3166 2082 3231 quantum

182 3256 240 3306 in
277 3255 408 3323 ipsis
448 3257 551 3323 est,
590 3273 829 3323 premere
870 3255 1115 3307 audeant.

330 3341 520 3395 Grates
574 3361 699 3395 vero
747 3343 1032 3411 laudesque
1090 3343 1425 3412 gratissimae
1481 3341 1719 3412 agendae
1776 3342 1901 3391 sunt
1955 3337 2081 3389 viris

185 3431 368 3483 amicis
423 3435 476 3483 et
535 3431 670 3483 bene
725 3431 1051 3499 volentibu5‚
1113 3432 1203 3499 qui
1257 3432 1340 3482 vel
1394 3448 1536 3498 penu
1599 3428 1779 3480 critico
1837 3425 2078 3494 suppedi-

183 3519 348 3571 tando
410 3518 761 3571 fundamenta
824 3537 1015 3588 operae
1078 3537 1226 3571 meae
1290 3519 1748 3586 amplificaverunt
1803 3518 1854 3566 et
1907 3515 2079 3565 firma-
