2299 3803
876 224 974 282 quis
1012 246 1079 253 —
1119 222 1433 267 reconcilietur
1470 257 1484 268 .

260 351 493 395 necasset,
518 361 606 398 quo
631 349 730 399 quis
753 349 958 387 cruciatu
982 346 1128 399 perbi-

259 409 379 443 teret
395 400 520 444 Eun.
544 405 690 455 1740))
716 417 768 443 ne
788 405 860 443 cui
879 416 1130 455 cognoscar

259 458 355 500 Att.
380 461 460 499 281
491 474 546 501 ca
576 461 611 499 si
644 462 714 501 cui
748 462 791 499 iu
824 473 977 500 somno
1013 460 1128 499 acci-

259 516 369 555 dunt
399 514 493 556 Att.
520 519 668 567 praet.
704 520 756 557 30
788 517 823 554 si
860 517 977 556 cuist
1004 512 1126 554 Eme,

263 573 341 612 184
359 571 416 623 (ss)
466 574 531 612 uti
575 575 647 613 cui
698 574 893 624 quicque
945 573 1124 612 obuiam

257 628 429 668 Fuerat
467 627 561 669 Att.
595 631 675 668 262
716 634 766 667 ut
799 641 928 679 quem
963 629 1124 679 cuique

257 684 417 724 tribuit
448 686 630 725 fortuna
653 685 854 724 ordinem
881 682 978 724 Act.
1003 684 1056 724 98
1089 684 1125 723 si

258 754 388 793 quam
421 739 569 784 Naeva.
604 743 629 782 8
662 755 715 781 ne
750 741 855 792 quid
892 771 900 780 .
921 771 929 779 .
964 740 1126 780 aduor-

258 810 333 837 sus
362 798 464 838 fuas
488 795 595 837 Liu.
619 800 672 838 23
695 798 783 836 nisi
809 796 913 848 quid
944 826 952 834 .
973 827 981 836 .
1011 797 1128 835 tulat

258 866 388 905 opem
414 852 507 894 Att.
536 852 645 893 102*
669 853 770 892 dum
798 852 913 905 quod
937 853 1126 893 sublime

266 941 303 950 ..
343 923 501 949 saxum
532 907 624 950 Att.
662 911 742 950 396
775 911 813 948 si
847 921 933 960 qua
975 940 1011 949 ..
1051 909 1127 948 uia

257 964 371 1006 Pac.
403 969 478 1007 100
510 967 546 1005 si
581 980 668 1018 qua
699 997 735 1005 ..
766 965 901 1005 lintre
926 963 1013 1005 inc.
1040 963 1127 1005 isne.

255 1019 347 1071 fab.
394 1024 447 1063 90
494 1023 531 1062 si
586 1023 659 1074 qui
707 1022 937 1074 sapientia
985 1023 1129 1073 magis

255 1083 412 1119 uestra
444 1091 562 1119 mors
595 1079 790 1118 deuitari
824 1082 972 1130 potest
1003 1074 1129 1120 Eun,

257 1137 339 1175 320
363 1135 401 1174 si
424 1135 500 1187 qui
540 1166 548 1175 .
577 1167 584 1175 .
624 1135 892 1188 prouideant
913 1132 1026 1175 Pac.
1051 1136 1130 1174 407

256 1192 345 1231 nisi
378 1205 492 1244 quas
531 1224 566 1232 ..
609 1197 789 1243 strages
820 1189 915 1232 Ate.
952 1191 1031 1230 399

203 1249 492 1301 quispiam
526 1246 614 1288 inc.
647 1246 736 1288 inc.
771 1244 862 1297 fab.
895 1249 974 1286 257

203 1306 494 1357 quisquam
533 1302 625 1345 Att.
669 1306 749 1344 217
796 1304 876 1343 262
923 1305 1004 1344 285
1051 1304 1131 1343 318

257 1362 339 1401 418
369 1362 451 1402 466
483 1362 564 1401 685
605 1362 641 1400 si
681 1360 915 1412 quisquam
949 1372 1017 1398 me
1059 1363 1129 1398 ta-

258 1418 327 1469 git
363 1415 476 1458 Pae.
515 1419 596 1457 344
637 1418 846 1468 cuiquam
892 1417 1129 1467 quisquam

259 1473 498 1526 quicquam
530 1477 808 1525 quomquam
825 1470 845 1490 ²*
893 1471 1091 1523 quidque
1109 1469 1129 1490 *

258 1530 504 1570 conueniat
521 1534 661 1583 neget
675 1525 799 1569 Eam.
819 1529 902 1568 400
921 1530 1128 1579 cuiquam

255 1584 354 1629 Att.
386 1587 468 1626 228
498 1583 588 1627 inc.
618 1584 707 1627 inc.
740 1582 831 1635 fab.
863 1586 939 1623 122
973 1597 1128 1636 quem-

260 1655 391 1694 quam
414 1640 529 1683 Pac.
551 1643 632 1683 316
663 1639 758 1684 Att.
783 1642 862 1681 312
893 1642 976 1681 488
1010 1639 1130 1692 quid-

258 1711 390 1751 quam
408 1696 523 1740 Pac.
547 1701 628 1739 325
648 1700 888 1750 quicquam
910 1694 1006 1737 Att.
1023 1693 1129 1736 422*

258 1757 502 1807 quicquam
526 1755 705 1795 sincere
730 1759 895 1794 sonunt
911 1750 1036 1795 Emz.
1056 1750 1132 1792 69*

201 1815 250 1851 ut
291 1812 528 1864 quisque
575 1814 645 1850 est
688 1811 876 1849 meritus
916 1807 1064 1849 Naeu.
1106 1810 1129 1848 9

259 1880 389 1919 quem
423 1868 614 1920 quisque
649 1867 745 1907 odit
774 1862 898 1905 Ena.
932 1868 1013 1906 379
1052 1878 1130 1917 pro

262 1937 308 1964 se
342 1924 536 1976 quisque
569 1921 664 1965 Att.
687 1925 770 1963 445
802 1923 870 1961 uti
902 1923 974 1963 cui
1007 1921 1131 1972 quic—

260 1992 343 2031 que
379 1981 557 2020 obuiam
590 1980 766 2019 Fuerat
801 1976 897 2019 Att.
932 1976 1053 2018 262*
1083 1981 1133 2016 ut

259 2049 391 2088 quem
431 2037 592 2089 cuique
634 2036 796 2076 tribuit
835 2066 844 2075 .
873 2065 881 2074 .
929 2034 1130 2074 ordinem

258 2091 354 2133 Att.
376 2095 429 2134 98
447 2094 609 2145 quique
630 2093 746 2132 scito
767 2096 900 2144 opust
915 2088 1064 2131 Naeu.
1079 2092 1128 2129 61

257 2146 380 2190 adde
411 2161 595 2201 quaque

204 2205 385 2256 mulier,
421 2205 686 2256 q‘uisquis
712 2216 766 2248 ,es
790 2201 897 2243 Lz'u.
922 2205 975 2244 36
1008 2202 1131 2254 quid-

260 2262 369 2313 quid
399 2259 530 2302 Emz.
563 2262 644 2301 375
674 2258 789 2301 Pac.
824 2262 878 2300 90

203 2319 406 2371 quouis
430 2318 569 2359 exitio
591 2315 702 2358 Pac.
725 2318 806 2357 288
828 2314 938 2356 w'cle
971 2317 1132 2367 quouis

258 2372 402 2425 ivfh‘a.

204 2443 305 2484 quo
345 2427 472 2480 (adu.
512 2427 611 2480 rel.)
654 2427 762 2469 Liu.
804 2431 855 2470 37
894 2426 1018 2470 Eun.
1051 2431 1128 2469 311

258 2485 372 2528 Pae.
406 2482 530 2540 [368]
566 2488 647 2527 370
677 2483 772 2526 Att.
806 2483 898 2525 62ss

204 2556 306 2596 quo
341 2540 479 2594 Tadu.
517 2539 694 2593 interr.)
728 2538 852 2585 Eun.
891 2543 916 2581 4
958 2543 1007 2582 77
1048 2542 1126 2582 231

257 2598 370 2641 Pac.
405 2596 524 2641 325*
553 2597 651 2641 Att.
684 2601 761 2639 311
795 2596 883 2639 inc.
917 2596 1006 2638 inc.
1037 2595 1128 2648 fab.

262 2658 310 2695 12
351 2668 438 2708 quo
477 2668 547 2696 me
597 2654 864 2696 ostendam?
910 2652 1007 2695 Att.
1049 2656 1128 2694 232

259 2724 344 2762 quo
377 2711 559 2752 deorum
592 2711 827 2763 segnitas‘?
858 2708 953 2751 Att.
980 2713 1129 2762 praet.

260 2770 282 2807 7
331 2767 472 2819 quod
529 2764 577 2816 (i.
627 2777 660 2807 e.
707 2765 811 2819 quo)
868 2769 1130 2818 receptast?

260 2822 373 2866 Pac.
409 2825 491 2863 225
522 2820 632 2864 uide
664 2835 859 2874 quonam

204 2880 346 2933 quid?
379 2878 517 2931 quod
560 2877 672 2919 Pac.
713 2877 829 2919 143*
867 2891 1024 2931 parum
1064 2881 1133 2918 est

261 2935 381 2987 quod
427 2933 541 2976 Pac.
588 2937 668 2975 277
716 2935 833 2975 adde
879 2935 966 2975 huc
1014 2934 1131 2986 quod

259 2990 358 3031 Att.
406 2993 488 3032 209
542 2991 650 3042 quid
697 2993 814 3032 istuc
867 2995 956 3039 est,
1011 2990 1131 3042 quod

259 3046 356 3087 Att.
402 3050 483 3088 300
533 3047 644 3087 illud
701 3048 821 3099 quod
869 3048 1007 3087 miser
1061 3051 1132 3087 est

259 3101 355 3143 Att.
404 3105 486 3144 345
540 3103 656 3155 quod
713 3103 948 3143 dexterum
995 3102 1130 3156 Cepit

262 3172 440 3200 cursum
489 3190 498 3199 .
524 3190 535 3201 .
581 3159 895 3212 pulcherrume
928 3158 1130 3211 Augura-

262 3220 400 3256 tumst
429 3212 525 3256 Act.
555 3217 698 3267 praet.
731 3217 783 3256 36
815 3228 905 3255 non
936 3228 1127 3256 comme-

260 3284 383 3312 moro
416 3271 531 3323 quod
572 3302 607 3310 ..
645 3284 734 3311 non
768 3272 884 3323 quod
917 3269 1005 3312 inc.
1037 3269 1126 3312 inc.

261 3325 352 3378 fab.
386 3329 464 3368 172
495 3338 560 3379 sq.
597 3329 764 3367 uirtust
810 3359 818 3367 .
848 3358 856 3366 .
907 3327 1024 3379 quod
1056 3341 1129 3367 ex-

258 3384 420 3436 pulisti
464 3381 555 3424 inc.
600 3381 689 3423 inc.
738 3380 831 3433 fab.
880 3385 960 3424 199
1013 3383 1130 3435 quod

261 3439 421 3491 (caus.)
452 3437 546 3480 Att.
569 3441 714 3491 praet.
744 3441 769 3480 8
800 3437 887 3480 inc.
919 3437 1006 3479 inc.
1039 3436 1129 3489 fab.

261 3497 315 3534 54
346 3493 449 3547 (bis)
494 3497 574 3535 124
691 3495 810 3547 quod
841 3497 879 3534 si
909 3493 1008 3535 Att.
1042 3494 1130 3536 13*

262 3550 378 3603 quod
417 3552 504 3592 nisi
535 3546 632 3593 'ina
672 3548 759 3593 inc.
798 3548 889 3602 fab.
920 3553 973 3592 28
1013 3551 1131 3603 quod

1997 212 2100 267 345

1234 347 1279 387 ni
1313 344 1398 386 inc.
1443 344 1528 386 inc.
1571 344 1660 395 fill).
1696 349 1748 385 58
1781 347 1895 398 quod
1930 348 2098 385 utinam

1232 402 1328 442 Art.
1361 405 1412 442 52
1477 402 1562 442 uod
1597 408 1642 441 tc
1677 404 1866 443 obsecro
1900 401 2100 443 ,-1tt.555

1177 473 1333 510 quom
1367 455 1451 509 (uic
1473 470 1494 498 e
1526 458 1642 506 cnm)

1177 528 1405 567 quonam
1439 512 1549 554 Pac.
1587 517 1663 553 134

1176 571 1442 623 quondam
1491 568 1640 611 Nam.
1687 574 1731 609 11
1788 569 1884 610 All.
1936 572 2098 622 2120>

1223 629 1369 679 praet.
1406 629 1456 666 14
1486 624 1573 666 inc.
1607 624 1695 666 inc.
1727 624 1817 675 suh.
1856 630 1931 665 1⁴)ss
1969 630 2037 666 131

1177 684 1431 736 quoniam
1462 680 1576 724 Pac.
1608 686 1689 723 392
1721 681 1815 722 An.
1852 685 1929 721 120
1954 685 2099 733 praet.

1235 743 1282 780 17
1314 738 1429 781 Pac.
1470 738 1624 788 134&

1177 809 1393 848 quoque
1425 794 1539 835 Pac.
1571 798 1650 835 2¹59

1176 866 1429 905 quorsum
1452 850 1564 893 Pac,
1588 854 1665 891 152
1689 853 1769 891 226
1793 864 1978 904 quosum
2004 848 2098 891 Act.

1225 910 1372 960 praet.
1409 906 1495 948 12*

1178 970 1312 1017 quot
1341 963 1438 1005 Att.
1475 966 1553 1004 100
1571 963 1591 983 ‘³‘

1178 1021 1372 1073 quouis
1405 1021 1606 1073 gent-ium
1638 1019 1735 1061 Att.
1771 1022 1850 1061 599

1178 1136 1375 1174 rabcre
1407 1130 1532 1176 Etm.
1567 1135 1618 1174 39

1178 1190 1455 1229 radiatum
1490 1189 1637 1229 lumen
1670 1188 1767 1232 All.
1791 1191 1870 1230 584
1901 1187 1988 1229 ‘lucz
2013 1187 2100 1231 ine.

1232 1244 1323 1296 fab.
1342 1248 1395 1286 48
1413 1246 1563 1286 orbem
1582 1247 1833 1285 flammeum
1858 1246 2101 1286 Radiatum

1234 1302 1341 1344 solis
1371 1301 1466 1345 Att.
1493 1305 1640 1354 praet.
1672 1304 1726 1343 28

1178 1359 1455 1399 radiorum
1491 1359 1726 1398 ardentum
1758 1356 1852 1398 Att.
1888 1360 1969 1398 493

1179 1415 1403 1455 radices
1434 1413 1529 1455 Att.
1563 1418 1640 1455 401

1178 1471 1387 1511 scatebra
1401 1471 1566 1511 fluuiae
1586 1471 1731 1511 radit
1752 1484 1902 1523 rupem
1916 1468 2009 1512 Act.
2023 1474 2104 1510 505

1179 1528 1308 1566 rami
1342 1525 1430 1567 inc.
1462 1525 1550 1567 inc.
1583 1525 1673 1577 fab.
1711 1530 1788 1567 135

1179 1583 1378 1636 rapide
1410 1581 1522 1626 Pac.
1555 1582 1672 1624 333*

1179 1640 1404 1693 rapidas
1436 1641 1582 1680 undas
1612 1637 1709 1680 Att.
1742 1641 1823 1680 297

1178 1697 1387 1736 manibus
1435 1709 1631 1748 rapere
1679 1695 1845 1736 raudus
1883 1694 1978 1735 Art.
2021 1697 2102 1735 438

1235 1754 1387 1792 uentis
1420 1752 1654 1806 expulsum
1688 1753 1786 1804 rapi
1811 1752 1976 1793 Saxum
2007 1750 2101 1794 Att.

1234 1810 1315 1849 396
1355 1809 1501 1860 rapite
1532 1807 1643 1849 Pac.
1676 1811 1757 1849 350
1796 1809 1944 1861 rapite
1978 1809 2102 1860 agite

1235 1866 1354 1904 ruite
1387 1863 1475 1905 ine.
1507 1863 1595 1908 inc.
1627 1862 1718 1915 fab.
1741 1866 1822 1904 218
1856 1865 2002 1903 amnis
2032 1878 2103 1903 ce-

1234 1921 1344 1962 leris
1376 1923 1495 1973 rapit
1514 1919 1665 1962 Naezc.
1688 1923 1739 1961 42
1772 1922 1892 1973 rapit
1923 1934 1976 1961 ex
2010 1920 2105 1960 alto

1235 1990 1376 2018 naues
1405 1975 1528 2018 Eun.
1553 1980 1604 2018 74
1636 1978 1821 2029 rapiunt
1851 1989 1931 2030 per
1962 1976 2105 2016 undas

1235 2046 1391 2074 currus
1421 2032 1509 2075 inc.
1532 2032 1619 2075 inc.
1643 2032 1738 2083 fab.
1771 2036 1849 2074 196
1869 2033 1888 2054 *
1922 2033 2106 2073 exitium

1236 2103 1425 2130 examen
1458 2092 1580 2142 rapit
1615 2087 1741 2130 Eun.
1775 2092 1825 2131 51
1869 2089 2010 2130 oeulis
2052 2120 2096 2130 ..

1237 2147 1387 2187 lumen
1429 2178 1473 2187 ..
1520 2160 1629 2199 rape
1668 2144 1757 2187 inc.
1795 2144 1884 2188 ine.
1926 2143 2016 2196 fab.
2050 2147 2103 2185 48

1237 2215 1414 2243 cursum
1451 2203 1537 2243 huc
1569 2203 1824 2243 celeranter
1856 2204 1977 2254 rapit
2006 2199 2102 2243 Act.

1237 2261 1315 2300 123
1348 2261 1531 2313 sonipes
1563 2260 1739 2312 rapitur
1768 2257 1856 2299 inc.
1888 2256 1977 2298 inc.
2011 2256 2104 2308 fab.

1234 2318 1314 2356 237
1350 2317 1546 2356 amentia
1579 2316 1732 2368 rapior
1764 2315 1974 2366 ferorque
2007 2312 2102 2353 Ait,

1234 2374 1316 2413 450
1354 2373 1499 2424 raptis
1546 2377 1758 2413 nanetust
1798 2371 1969 2424 nuptiis
2015 2368 2102 2411 inc.

1234 2426 1322 2470 inc.
1354 2425 1445 2478 fab.
1480 2430 1558 2469 109

1178 2487 1468 2538 raptarier
1496 2481 1620 2525 Εηη.
1656 2486 1708 2525 92

1178 2546 1434 2582 rarenter
1465 2539 1575 2581 Lm.
1609 2543 1662 2580 24
1691 2537 1818 2581 Εηη.
1854 2542 1906 2581 67

1178 2597 1317 2638 litora
1348 2611 1473 2637 rara
1503 2595 1599 2638 Att.
1633 2599 1714 2638 526

1179 2658 1349 2694 ratem
1380 2652 1492 2697 Pae.
1526 2651 1643 2695 333*
1684 2652 1886 2706 rep(ulso
1927 2654 2104 2694 ratibus

1244 2741 1280 2750 ..
1320 2710 1462 2761 mare)
1497 2708 1581 2751 inc.
1614 2708 1702 2750 ine.
1740 2707 1832 2760 fab.
1866 2713 1890 2750 3
1930 2710 2105 2749 ratibus

1236 2767 1502 2820 repentibus
1534 2764 1622 2807 inc.
1644 2763 1731 2807 ivae.
1755 2764 1847 2816 fab.
1877 2767 1958 2805 225
1989 2762 2044 2815 cf.
2077 2767 2102 2804 4

1180 2824 1452 2864 rationem
1490 2835 1681 2874 aequam
1727 2820 1825 2862 Aa.
1864 2824 1946 2861 476
1991 2834 2102 2861 uera

1236 2880 1412 2919 ratione
1447 2890 1657 2930 augurem
1690 2875 1785 2921 Atc.
1816 2879 1868 2918 87

1179 2935 1382 2975 raudus
1414 2947 1598 2975 saxeum
1639 2932 1734 2975 Att.
1768 2931 1880 2975 438*
1911 2931 1968 2983 ef.
2000 2931 2105 2974 263*

1177 3004 1231 3031 re
1263 3003 1397 3044 appse
1420 2988 1530 3033 Pac.
1554 2992 1608 3030 26
1631 3003 1739 3030 usus
1762 3004 1808 3029 re
1834 3002 1944 3043 apse
1968 3003 2104 3042 expe-

1234 3047 1394 3088 riundo
1428 3047 1587 3087 edocet
1615 3045 1728 3087 Pac.
1753 3048 1836 3088 374

1176 3104 1398 3156 recipio
1420 3101 1533 3144 Pac.
1554 3105 1634 3144 342
1658 3103 1824 3156 sepelit
1845 3103 2101 3154 recipitque

1232 3161 1278 3200 in
1297 3172 1398 3200 sese
1414 3157 1528 3200 Pac.
1547 3161 1598 3200 91
1623 3159 1881 3212 recipiebat
1902 3156 1990 3198 inc.
2013 3155 2101 3198 ἐπε.

1231 3213 1322 3266 fab.
1346 3217 1428 3257 258
1450 3229 1536 3269 quo
1559 3217 1824 3268 receptast‘?
1851 3213 1969 3255 Pac.
1991 3212 2104 3255 225*

1234 3271 1489 3324 sepulcrum
1522 3285 1606 3323 quo
1638 3271 1835 3323 recipiat
1863 3267 1989 3313 Emz,
2021 3271 2098 3311 311

1177 3330 1327 3380 recip
1342 3332 1499 3368 rocat
1520 3328 1684 3367 fluctus
1707 3327 1849 3368 feram
1874 3323 2001 3366 Erm.
2024 3327 2102 3366 104

1232 3391 1378 3425 ratem
1411 3385 1709 3437 R-eciprocare
1740 3381 1853 3423 Pac.
1885 3384 1967 3429 334

1177 3442 1465 3493 reciproca
1503 3471 1540 3480 ..
1581 3439 1673 3479 tela
1703 3436 1798 3481 Att.
1831 3439 1913 3479 545

1176 3497 1289 3536 iram
1328 3527 1366 3538 ..
1407 3495 1685 3536 recludam
1714 3491 1840 3534 Eun.
1873 3496 1954 3534 229

1178 3553 1583 3594 reconcilietur
1612 3548 1736 3591 Eun.
1770 3551 1849 3591 196
