2299 3803
620 170 700 210 Ex
731 169 1015 210 meinans
1047 168 1448 210 melciz'roavm
1478 169 1738 211 FABVLIS
2033 168 2134 219 247

379 300 657 352 Praeterea
695 300 758 351 ad
787 299 1001 351 Troiz'nn
1035 319 1153 352 cum
1181 301 1297 352 misi
1332 300 1398 351 ob
1426 299 1814 352 defendendam
1842 300 2132 370 Graeciam,

380 394 593 449 Scibam
634 416 716 448 me
749 397 804 448 in
837 394 1172 450 mortiferum
1206 397 1419 465 bellum,
1459 397 1568 448 11611
1601 396 1656 447 in
1692 398 1874 465 epulas
1909 395 2134 449 mittere.

379 654 389 664 .
429 612 568 663 inter
608 633 661 663 se
703 613 933 680 strepere
976 615 1261 680 aperteque
1303 613 1470 663 arteni
1511 611 1750 663 obterere
1793 609 2133 680 extispicum:

377 707 593 760 Soluere
634 708 861 775 imperat
901 708 1132 760 secundo
1174 712 1384 760 rumore
1427 708 1753 776 aduersaque
1795 708 1896 758 aui.

998 817 1202 870 XLVII
1244 818 1364 887 (54)

267 918 338 970 90
376 916 495 968 Nisi
537 914 586 967 si
625 935 722 983 qua
767 914 951 967 Vlixes
994 912 1153 966 lintre
1195 915 1364 966 euasit
1410 914 1620 966 Lartius

230 1082 303 1130 13,
335 1082 392 1120 ‘38
426 1079 666 1118 ‘uidentur
705 1079 823 1117 enim
863 1079 1015 1118 omnia
1055 1078 1296 1129 repentina
1337 1077 1563 1130 grauiora,
1626 1090 1678 1116 ex
1719 1075 1806 1116 hoc
1844 1080 1888 1115 ct
1925 1075 2005 1115 illa
2038 1077 2131 1116 iure

227 1136 495 1176 laudantur:
531 1148 630 1187 ego
664 1138 803 1175 cum'
839 1149 875 1174 e.
909 1147 949 1185 q.
984 1148 1017 1174 s.
1079 1134 1249 1174 Ibidem
1281 1136 1355 1183 24,
1390 1135 1442 1174 58
1483 1137 1647 1185 ‘atque
1689 1132 1772 1172 hoc
1803 1133 1920 1172 idem
1953 1137 1999 1172 et
2030 1134 2133 1172 Te-

226 1193 368 1232 lamo
401 1193 480 1232 ille
514 1191 738 1230 declarat:
780 1205 881 1242 ego
924 1204 1036 1229 cum
1081 1192 1284 1242 genui.’
1347 1189 1560 1242 (Reliqua
1592 1189 1724 1228 huius
1758 1201 1915 1228 uersus
1948 1202 2002 1232 m,
2038 1203 2127 1229 rec.

228 1249 389 1288 addita
423 1250 468 1287 in
503 1249 632 1297 Regu
674 1253 814 1287 totnm
850 1260 1029 1287 uersum
1063 1247 1278 1287 exhibent
1310 1247 1454 1289 Marb.
1490 1246 1647 1286 Dnisb.
1683 1249 1829 1287 Oxou.
1864 1258 1993 1286 unuS.
2037 1260 2131 1296 ego

227 1319 338 1344 cnm
372 1306 533 1356 genui
567 1305 884 1344 moriturum
919 1304 1059 1343 sciui
1094 1303 1257 1343 Vindd.
1292 1305 1410 1344 Mon.
1443 1304 1470 1341 b
1504 1302 1646 1344 Rehd.
1681 1307 1727 1341 et
1760 1301 1926 1341 additis
1961 1315 2015 1340 m.
2051 1303 2132 1342 alt.

227 1363 549 1402 moriturum
591 1361 737 1400 sciui
778 1359 932 1402 Bern)
996 1363 1170 1400 Seneca
1203 1360 1257 1399 acl
1292 1359 1452 1411 Polyb.
1488 1359 1542 1399 ‹le
1583 1372 1705 1398 cons.
1743 1361 1814 1408 11,
1848 1362 1901 1399 30
1942 1362 2133 1410 ‘quanto

225 1418 305 1459 ille
338 1419 525 1469 iustior,
569 1418 644 1469 qui
676 1417 886 1456 nuntiata
921 1416 999 1455 filii
1043 1420 1185 1455 morte
1220 1416 1404 1468 dignam
1445 1429 1608 1467 magno
1642 1415 1739 1455 uiro
1771 1428 1927 1454 uocem
1957 1415 2131 1454 emisit:

226 1488 324 1527 ego
363 1506 371 1513 .
398 1506 407 1514 .
434 1506 442 1513 .
471 1506 479 1513 .
520 1474 680 1514 sciui.
743 1486 926 1526 prorsus
967 1486 1054 1513 non
1086 1473 1265 1512 mireris
1300 1486 1353 1512 ex
1392 1472 1479 1512 hoe
1511 1477 1668 1511 natum
1710 1484 1811 1511 esse
1845 1472 1918 1523 qui
1954 1472 2134 1511 fortiter

226 1532 337 1571 mori
370 1535 528 1583 posset
655 1543 750 1582 ego
882 1530 1043 1569 sciui.
1107 1529 1272 1569 deinde
1307 1528 1479 1569 adiecit
1520 1542 1612 1568 rem
1644 1528 1829 1568 maioris
1863 1533 1908 1567 et
1940 1527 2134 1580 pruden-

224 1588 318 1628 tiae
352 1594 397 1627 et
435 1587 596 1626 animi:
639 1592 694 1625 et
734 1586 858 1625 huic
899 1587 976 1624 rei
1017 1586 1256 1628 sustuli!
1318 1586 1491 1625 Fronto
1533 1585 1585 1624 (le
1627 1584 1751 1624 bello
1786 1583 1936 1625 Parth.
1975 1598 2016 1636 p.
2057 1586 2132 1624 199

225 1644 295 1687 ed,
329 1646 456 1684 Rom.
492 1644 591 1693 (105
625 1642 754 1686 Nieb,
787 1645 866 1682 217
900 1642 1035 1692 Nab.)
1079 1647 1163 1681 ‘an
1196 1646 1438 1682 cunctetur
1470 1641 1523 1681 de
1557 1640 1778 1680 militibus
1811 1641 1981 1680 nostris
2013 1642 2134 1680 Mars

223 1705 352 1753 pater
375 1700 452 1740 illa
475 1700 660 1742 dicere?
685 1696 778 1752 [85]
815 1699 1123 1738 Praeterea
1156 1712 1273 1738 cnm
1307 1699 1350 1737 in
1375 1701 1615 1738 terrarum'
1644 1698 1853 1747 (⁶terrae’
1879 1696 1996 1747 cod.)
2030 1701 2130 1736 ‘or-

225 1759 325 1797 bem
359 1758 481 1795 misi
522 1758 585 1797 ob
627 1755 1035 1795 defendendum
1076 1755 1334 1807 imperium,
1378 1755 1588 1795 scibam
1628 1768 1701 1793 me
1743 1755 1798 1793 in
1836 1754 2131 1793 mortifera

224 1813 403 1854 bella’
438 1828 474 1854 e.
508 1826 548 1864 q.
584 1826 616 1852 s.
680 1812 822 1851 ‘haec
855 1813 995 1850 uerba
1027 1812 1251 1851 Telamo
1284 1811 1527 1851 Troiano
1570 1810 1718 1850 bello
1759 1810 1813 1849 de
1848 1811 1941 1849 suis
1974 1809 2131 1849 liberis

222 1870 363 1910 semel
397 1869 605 1909 elocutus
638 1872 740 1910 est.'
803 1869 1111 1920 Hieronymus
1151 1868 1282 1920 epist.
1316 1867 1373 1906 ad
1408 1867 1636 1907 Heliodor.
1672 1866 1738 1906 ΙΙΙ
1779 1866 1885 1905 ‘ubi
1927 1865 2038 1904 illud
2070 1866 2126 1905 ab

224 1927 425 1966 infantia
458 1924 657 1965 studium
690 1925 924 1964 literarum
955 1929 999 1964 et
1030 1925 1335 1977 Anaxagorae
1375 1937 1428 1963 ae
1459 1923 1782 1963 Telamonis
1824 1935 2004 1974 semper
2035 1922 2129 1961 lau-

224 1983 333 2023 data
364 1982 620 2022 sententia:
663 1981 912 2021 sciebam
951 1995 1028 2020 me
1062 1983 1325 2033 genuisse
1365 1979 1713 2020 mortalem'?’
1755 1979 1835 2028 (cf.
1872 1979 1966 2018 Cic.
1999 1979 2130 2020 Tuse.

225 2039 339 2091 disp.
371 2039 440 2078 111
476 2040 546 2083 14,
579 2039 650 2085 30)
684 2038 832 2077 Ennio
863 2037 1121 2077 uindicauit
1153 2038 1455 2077 llermannus.
1575 2037 1721 2076 XLVI
1753 2034 1913 2076 Cicero
1947 2035 2001 2075 de
2034 2035 2129 2074 diu.

222 2097 242 2136 I
277 2097 348 2144 16,
384 2097 437 2134 ‘29
478 2099 553 2134 ‘ut
592 2094 640 2134 P.
682 2093 898 2133 Claudius
938 2095 1056 2146 Appi
1097 2092 1235 2134 Caeci
1275 2093 1392 2133 filius
1432 2093 1622 2145 eiusque
1663 2093 1844 2144 collega
1889 2093 1938 2132 L.
1969 2092 2128 2131 Iunius

224 2152 403 2192 classes
436 2152 655 2190 maximas
680 2149 998 2203 perdiderunt,
1031 2163 1128 2190 cum
1162 2151 1275 2190 uitio
1298 2150 1607 2202 nauigassent.
1661 2148 1777 2200 quod
1809 2148 1967 2188 eodem
1999 2148 2128 2187 modo

224 2209 382 2249 euenit
418 2207 838 2258 Agamemnoni:
881 2208 995 2258 qui,
1037 2219 1153 2246 eum
1185 2206 1386 2246 Achiui
1426 2207 1755 2257 coepissent
1787 2205 1939 2244 inter
1971 2208 2053 2244 se'
2088 2218 2124 2244 e.

223 2279 261 2318 q.
294 2278 328 2308 s.
382 2265 450 2304 Ex
482 2264 746 2303 narratione
780 2264 1013 2312 naufragii
1047 2277 1170 2309 esse,
1212 2276 1326 2315 quae
1360 2263 1405 2302 in
1438 2262 1629 2302 l’acuuii
1662 2263 1837 2300 'l'cucro
1871 2261 2127 2313 legebatur,

221 2321 387 2362 statuit
419 2320 661 2373 Bergkius.
800 2319 973 2358 XLVII
1008 2319 1322 2370 Quintilianus
1355 2319 1414 2358 VI
1447 2322 1494 2368 3,
1527 2321 1580 2359 96
1613 2317 1861 2357 ‘adiuuant
1892 2318 2126 2356 urbanita-

221 2382 310 2418 tem
344 2382 390 2418 et
420 2389 581 2417 uersus
613 2376 842 2416 commode
883 2376 1022 2428 positi
1062 2389 1142 2416 seu
1184 2376 1265 2416 toti
1297 2379 1346 2415 ut
1376 2380 1482 2416 sunt
1512 2406 1520 2414 .
1549 2406 1558 2414 .
1585 2406 1594 2414 .
1633 2374 1749 2426 quod
1781 2373 1829 2412 fit
1861 2374 2056 2425 gratius,
2090 2373 2128 2413 si

224 2447 314 2486 qua
347 2434 486 2473 etiam
522 2433 820 2485 ambiguitate
856 2432 1089 2483 conditur,
1128 2437 1180 2472 ut
1212 2433 1374 2472 Cicero
1406 2433 1459 2471 in
1494 2433 1770 2471 Lartium’
1811 2427 1898 2480 (ita
1929 2429 2128 2470 Bonnel-

221 2491 325 2531 lius.
368 2494 411 2530 in
449 2490 664 2530 lertium
695 2489 896 2529 Ambros.
937 2489 990 2528 in
1030 2489 1254 2530 lertium
1287 2489 1407 2531 Flor.
1450 2491 1502 2528 in
1544 2490 1747 2527 artium
1786 2486 1946 2529 Bamb.
1978 2485 2125 2539 suppl.

223 2547 277 2587 in
317 2548 517 2587 arcium
556 2547 660 2586 Par.
691 2559 718 2585 a
755 2546 863 2586 Tur.
895 2557 950 2589 m,
986 2559 1050 2598 pr.
1094 2551 1141 2586 et
1180 2546 1331 2585 tertia.
1373 2545 1628 2585 martium
1669 2543 1846 2583 Monac.
1889 2543 2127 2595 Argentor.

221 2604 482 2643 marcium
521 2603 627 2642 Tur.
667 2615 721 2645 m.
761 2615 850 2642 see.
891 2603 945 2641 in
992 2602 1261 2642 Marcium
1303 2601 1402 2642 edd.
1446 2599 1653 2654 priores.)
1704 2600 1954 2640 ‘hominem
2000 2598 2127 2639 calli-

222 2660 326 2699 dum
360 2664 407 2699 et
437 2663 686 2713 uersutum,
719 2671 817 2698 cum
841 2660 879 2698 is
901 2659 949 2698 in
973 2658 1166 2710 quadam
1192 2671 1332 2698 eausa
1353 2662 1596 2711 suspectus
1621 2660 1762 2698 esset:
1797 2657 1933 2695 nisi’
1958 2669 1995 2695 e.
2021 2668 2063 2706 q.
2089 2668 2124 2694 s.

221 2715 291 2758 Cf.
333 2715 495 2755 Cicero
537 2717 661 2755 Brut.
694 2716 769 2759 60,
802 2716 885 2754 216
917 2716 1109 2765 Quintil.
1143 2715 1205 2755 XI
1237 2718 1283 2765 3,
1318 2717 1410 2755 129.
1471 2715 1670 2754 Possunt
1708 2713 1822 2752 haee
1861 2724 2039 2764 quoque
2079 2713 2125 2750 in

222 2774 401 2813 Teucro
432 2772 626 2811 Pacuuii
655 2771 831 2811 inserta
866 2771 1025 2812 fuisse.

222 2966 466 3012 Ciceronis
503 2966 615 3010 libri
650 2966 916 3011 deteriores
1025 2959 1088 3026 ei]
1132 2965 1232 3009 huie
1272 2965 1457 3010 Seneca
1602 2963 1667 3009 8ss
1707 2963 1827 3008 missi
1868 2963 2126 3008 Frontonis

223 3039 324 3083 cod.
472 3036 536 3082 87
577 3035 738 3081 scibam
778 3037 958 3081 Fronto
1002 3034 1190 3080 sciebam
1233 3035 1477 3081 Ciceronis
1513 3035 1625 3079 libri
1765 3033 1830 3079 88
1871 3034 1987 3077 inter
2023 3046 2124 3077 sese

220 3109 451 3153 Dcmisius
488 3106 552 3150 illi
591 3108 710 3151 inter
748 3120 796 3150 se
836 3106 1126 3166 Slic‘qlz'ezizcs
1163 3107 1221 3151 cle
1258 3106 1378 3151 Pac.
1418 3105 1586 3150 Dulor.
1622 3120 1674 3163 p.
1711 3103 1807 3150 1⁶26
1942 3103 2122 3161 extispi-

222 3179 337 3224 cium
374 3178 503 3223 Leia.
532 3177 581 3221 Η
636 3185 640 3188 “
699 3176 765 3223 90
802 3177 884 3221 nisi
923 3177 959 3221 si
999 3177 1212 3222 Ambros.
1243 3177 1411 3221 Bamb.
1450 3178 1625 3234 suppl„
1667 3181 1717 3220 ul
1754 3177 1872 3220 coni.
1901 3174 2120 3231 Spaldin-

220 3251 325 3308 9ius
362 3248 446 3292 nisi
473 3249 625 3293 celeri
645 3247 755 3292 libri
863 3248 963 3307 quia
992 3247 1185 3292 Monac.
1213 3247 1468 3306 Arqentor.
1580 3246 1713 3290 lintre
1742 3247 1817 3291 uel
1851 3243 1951 3287 inde
1978 3243 2123 3287 euasit

224 3318 530 3378 Spaldinyius
555 3318 789 3362 inleruasit
814 3319 925 3363 libri
948 3320 1121 3375 optimi,
1156 3323 1317 3362 luetur
1342 3318 1688 3363 Buecleezerus.
1726 3314 1935 3359 inteuasit
1963 3313 2121 3371 Gzcelf.

223 3395 318 3433 arte
346 3390 489 3433 euasit
521 3390 634 3435 libri
659 3388 939 3434 Burmamzo
979 3391 1130 3434 notati
1165 3394 1261 3432 rate
1300 3389 1443 3432 euasit
1481 3390 1564 3432 alii
1679 3386 1853 3430 Lartius
1890 3384 2119 3441 Ambros.,

225 3457 529 3518 Spaldinyius
566 3459 725 3504 lortius
764 3458 965 3517 (laertius
991 3459 1204 3504 Ambros.
1243 3474 1301 3503 m.
1342 3457 1390 3516 2)
1426 3460 1529 3503 rell.
1571 3457 1745 3502 Lertius
1784 3457 1982 3500 nominis
2014 3454 2119 3513 for-

224 3542 348 3574 mam
386 3535 546 3576 metur
582 3530 929 3576 Fleckeisenus
968 3531 1150 3574 (crinali.
1185 3530 1369 3588 philon.
1403 3529 1534 3576 1866
1555 3543 1606 3586 p.
1636 3528 1665 3574 8
