2294 3844
205 173 272 222 24
1008 172 1058 219 Q.
1094 166 1312 206 ENNws

1063 296 1139 347 VI
1176 295 1258 355 (3)

247 399 312 449 70
354 396 686 448 Acherunsia
727 396 922 462 templa
968 395 1075 445 3113,
1116 391 1278 459 'Orci,

355 492 556 544 Pallida
598 493 727 557 leto,
767 489 953 542 nubila
994 489 1246 556 tenebris,

354 588 489 640 Loca
535 589 731 639 sailvete
773 587 941 638 infera
986 628 994 637 .
1038 628 1046 636 .

354 779 494 830 Nam
534 779 624 829 ubi
665 777 971 831 introducta
1011 780 1112 845 est,
1153 780 1502 845 puerumque,
1542 779 1601 828 ut
1626 777 1896 843 lauerent,
1936 776 2117 828 locant

355 875 417 926 In
458 876 643 943 clupeo

1031 969 1165 1021 VIII
1206 967 1288 1038 (28)

248 1068 313 1119 74
355 1067 515 1135 Rapit
557 1068 618 1117 ex
660 1066 767 1117 3116
809 1066 962 1128 nauis
1011 1066 1271 1117 ue'liuolas

1058 1160 1136 1211 IX
1179 1159 1261 1230 (4)

254 1261 319 1310 Ῑῖ)
361 1256 498 1319 Quid
541 1259 720 1326 petam
762 1257 993 1325 praesidi
1035 1260 1125 1308 3111
1167 1256 1433 1324 exequar?
1476 1258 1647 1325 quoue
1688 1275 1830 1309 1111116

321 1428 377 1466 x'l
408 1428 550 1467 Varro
583 1427 637 1466 de
669 1427 697 1466 1.
732 1427 782 1468 L.
815 1427 900 1465 VII
932 1428 955 1465 6
988 1427 1047 1467 M.
1089 1429 1161 1466 ‘in
1202 1427 1329 1466 63616
1369 1425 1584 1479 templum
1625 1426 1812 1477 dicitur,
1853 1432 1904 1467 111,
1943 1427 1990 1466 111
2025 1428 2116 1468 Η6-

212 1486 327 1525 cuba
454 1484 500 1522 111
523 1488 658 1533 terra,
693 1491 742 1523 ut
774 1484 817 1522 111
844 1483 1065 1522 Periboea
1191 1483 1273 1522 sub
1298 1487 1436 1533 terra,
1472 1484 1587 1522 utin
1609 1483 1944 1524 Andromacha:
1978 1484 2120 1524 Ache-

210 1542 332 1580 rusia
373 1545 403 1579 t.
443 1553 483 1580 a.
526 1539 578 1579 O.
621 1539 796 1579 saluete
837 1538 1018 1581 in'fera.⁹
1083 1540 1239 1579 Cicero
1281 1540 1417 1582 Tusc.
1461 1540 1574 1592 disp.
1609 1541 1629 1580 I
1661 1542 1735 1591 21,
1768 1543 1821 1580 48
1863 1544 2009 1593 ‘quae
2051 1545 2122 1581 est

208 1610 321 1636 anus
354 1601 445 1636 tam
478 1596 649 1646 delira,
690 1608 805 1648 quae
840 1596 1001 1636 timeat
1033 1596 1149 1647 ista,
1192 1608 1307 1647 quae
1340 1608 1422 1636 uos
1453 1595 1694 1646 uidelicet,
1739 1597 1778 1636 si
1808 1597 2000 1650 physica
2031 1610 2121 1637 non

210 1653 511 1702 didicissetis,
546 1653 792 1692 timeretis:
827 1652 1107 1692 Acherunsia
1137 1683 1147 1693 .
1166 1683 1175 1693 .
1195 1683 1203 1691 .
1234 1652 1374 1693 loca.’
1417 1653 1519 1691 Huc
1540 1652 1807 1693 Lucretium
1829 1654 1849 1693 l
1873 1655 1951 1692 121
1974 1653 2122 1693 uideri

209 1710 463 1762 respexisse
500 1709 827 1749 animaduertit
859 1708 1076 1748 Columna
1204 1709 1287 1748 VII
1316 1708 1430 1749 Non.
1461 1710 1568 1758 504,
1603 1711 1653 1748 16
1686 1710 1906 1750 ‘lauere
2033 1711 2121 1749 En-

209 1767 311 1805 nius
343 1765 678 1805 Andromacha:
721 1779 826 1805 nam
864 1765 969 1804 ubi'
1012 1778 1048 1805 6.
1083 1772 1195 1817 q.'s.
1313 1765 1423 1805 VIII
1462 1765 1724 1805 Macrobius
1765 1766 1861 1806 Sat.
1894 1767 1956 1806 VI
1989 1768 2035 1817 5,
2071 1768 2122 1807 10

211 1823 458 1874 (epitheta,
493 1834 606 1873 quae
640 1822 759 1874 apud
792 1822 1046 1874 Vergilium
1076 1834 1194 1861 noua
1225 1822 1461 1871 uidentur,
1501 1823 1831 1863 uetustioribus
1863 1835 2043 1874 quoque
2075 1823 2121 1862 in

209 1892 293 1919 usu
315 1878 477 1927 fuisse)
512 1883 524 1902 ⁶
540 1878 847 1918 ueliuolum
879 1909 888 1917 .
907 1909 916 1918 .
935 1909 945 1919 .
974 1878 1151 1917 Ennius
1183 1879 1230 1917 in
1254 1882 1414 1930 quarto
1439 1877 1611 1918 decimo
1642 1909 1651 1919 .
1670 1909 1679 1919 .
1699 1910 1707 1919 .
1737 1879 1856 1919 idem
1878 1881 1924 1918 in
1948 1879 2121 1920 Andro-

210 1935 369 1975 mache
401 1933 491 1975 ...⁷
545 1935 730 1975 Seruius
762 1935 807 1973 in
839 1935 952 1977 Aen.
984 1935 1006 1973 I
1037 1936 1119 1974 224
1153 1935 1377 1974 ‘Ennius:
1412 1947 1583 1974 naues
1615 1935 1941 1975 ueliuolas.’

208 1993 272 2031 IX
305 1992 464 2031 Cicero
495 1991 628 2031 Tusc.
665 1991 780 2044 disp.
814 1991 882 2031 ΙΙΙ
908 1993 973 2041 19,
997 1993 1053 2030 44
1085 1990 1419 2043 ‘quaerendum
1450 1991 1606 2043 igitur,
1641 1991 2013 2043 quemadmodum
2048 2005 2122 2031 ae-

211 2048 437 2100 gritudine
472 2048 697 2100 priuemus
732 2061 854 2093 eum,
890 2048 965 2100 qui
996 2048 1064 2086 ita
1099 2047 1223 2087 dicat
1256 2044 1538 2100 [369—371].
1597 2049 1718 2088 Ecce
1758 2049 1846 2089 tibi
1886 2061 1941 2088 ex
1974 2048 2122 2088 altera

211 2111 340 2156 parte
375 2104 429 2143 ab
465 2104 624 2144 eodem
657 2108 790 2156 poeta
815 2102 917 2157 [89].
957 2104 1078 2143 Huic
1111 2103 1352 2144 subuenire
1378 2103 1616 2154 debemus3
1651 2105 1831 2156 quaerit
1854 2106 1973 2145 enim
1997 2105 2121 2145 auxi—

210 2161 317 2200 lium
353 2159 568 2213 [75-80].
613 2160 754 2202 Scitis
787 2174 904 2212 quae
937 2166 1207 2212 sequantur,
1243 2164 1288 2201 et
1318 2159 1399 2200 illa
1430 2161 1475 2200 in
1509 2159 1665 2213 primis
1690 2158 1904 2214 [81—85J.
1954 2161 1991 2201 Ο
2015 2175 2121 2214 poe-

354 2355 419 2400 70
454 2368 556 2413 sqq.
601 2354 806 2413 Berqlcio
846 2355 1195 2412 obtemperaui,
1237 2357 1319 2413 qui
1353 2354 1524 2399 Philol.
1554 2354 1710 2400 XVII
1748 2354 1811 2400 39
1852 2357 1961 2403 adn.
2003 2371 2122 2400 (ma-

208 2430 403 2483 paestos
452 2427 628 2470 solutos
677 2428 758 2483 qui
802 2425 1032 2469 dicuntur
1079 2427 1310 2482 restituit,
1357 2426 1478 2469 idem
1527 2426 1729 2470 secundi
1773 2431 1817 2470 et
1865 2428 1993 2471 tertii
2034 2427 2127 2472 coli

211 2498 338 2540 lianc
378 2498 516 2539 etiam
552 2496 758 2553 formam
796 2494 966 2539 53111616
1005 2495 1172 2552 infera,
1223 2494 1382 2555 pallida
1422 2495 1541 2551 leto,
1589 2494 1745 2540 Nubila
1796 2495 1988 2540 tenebris
2026 2497 2123 2542 1663

209 2579 506 2624 proponens,
550 2579 673 2625 qzcae
713 2567 853 2611 multo
892 2568 1045 2611 minus
1076 2569 1258 2624 placet.
1409 2566 1474 2611 70
1514 2565 1783 2611 Acherunsia
1823 2570 1985 2625 optimi
2014 2569 2126 2613 libri

215 2638 457 2682 Ciceronis
492 2636 733 2681 Acherusia
785 2635 957 2685 VarrO.
1035 2636 1316 2695 Correptam
1354 2639 1400 2681 in
1439 2636 1711 2681 Acherunsia
1750 2635 1901 2695 (immo
1930 2639 2125 2683 Acerun-

215 2706 294 2764 513)
338 2709 520 2752 nomine
556 2709 761 2764 primam
813 2709 1028 2752 uocalem
1076 2711 1202 2752 tueri
1254 2709 1477 2752 uidentur
1525 2722 1569 2752 u.
1612 2706 1710 2753 202
1751 2711 1845 2755 inc.
1886 2711 1980 2753 ine.
2016 2708 2123 2767 fab.

215 2778 276 2823 77
443 2777 503 2821 71
554 2777 644 2821 leto
694 2776 842 2821 nubila
879 2778 1105 2823 Bruxell.
1153 2778 1231 2822 leti
1277 2776 1459 2822 onuhila
1508 2778 1627 2837 Rey.
1679 2778 1796 2823 Gud.
1845 2777 1922 2822 leti
1974 2777 2123 2823 nubila

219 2848 367 2893 Oxou.
404 2850 626 2906 plerique
676 2846 836 2892 Lethes
886 2847 1096 2892 obnubila
1134 2849 1316 2896 Eliens.
1358 2849 1383 2892 b
1432 2847 1620 2892 Lethaea
1673 2846 1882 2892 obnubila
1932 2848 2124 2895 Vossius

214 2919 319 2975 leli,
361 2917 568 2962 obnubila
617 2931 699 2977 eqo
741 2921 846 2964 olim
955 2918 1114 2978 pallida
1157 2954 1165 2963 .
1212 2954 1220 2963 .
1265 2954 1274 2963 .
1316 2918 1412 2963 loca
1441 2933 1529 2963 om.
1575 2919 1727 2963 Varro
1848 2919 1911 2964 72
1952 2919 2123 2964 53111616

214 2988 354 3033 infera
383 3003 470 3033 om.
504 2986 669 3033 Cicero
744 2990 975 3034 Fortasse
1013 2989 1153 3034 infera
1192 2989 1337 3034 noctis
1367 2991 1442 3033 uel
1482 2990 1507 3032 i.
1549 2990 1705 3033 mortis
1734 2992 1928 3047 scripsit
1961 2995 2122 3048 poeta.

219 3058 333 3104 Olim
373 3059 643 3103 trochaieos
679 3063 982 3116 septenarios
1022 3062 1222 3118 explere
1263 3062 1426 3105 eonati
1463 3071 1651 3117 sumus,
1690 3062 1792 3117 ipse
1832 3059 1932 3104 Orci
1971 3065 2123 3105 5311613

217 3129 386 3173 53111616
424 3127 562 3172 infera
599 3131 645 3172 in
678 3133 872 3187 priore,
931 3130 1168 3175 Vahlenus
1207 3134 1253 3175 in
1281 3133 1432 3176 altero
1461 3143 1608 3176 uersu
1646 3131 1752 3174 atris
1789 3130 1981 3174 aeternis
2016 3137 2124 3188 post

218 3198 411 3244 tenebris
452 3202 683 3244 inserens.
815 3199 877 3244 73
918 3213 1250 3260 puerorumque
1300 3201 1362 3245 W
1464 3200 1665 3244 lauarent
1704 3201 1871 3244 Bamb.
1982 3214 2122 3260 cypeo

215 3271 343 3315 Leid.
384 3269 552 3314 Bamb.
594 3270 718 3329 cipeo
761 3272 910 3314 ceteri
944 3271 1057 3315 libri
1093 3270 1251 3330 clypeo
1290 3271 1463 3316 Aldina
1615 3268 1680 3314 74
1719 3270 1835 3329 capit
1873 3269 2032 3315 Paris.

316 3344 351 3365 ΘΞ

218 3383 372 3426 uanius
415 3382 610 3427 Cassell.
651 3395 787 3426 naues
827 3384 954 3441 uuly.
1084 3382 1287 3428 75—88
1328 3396 1554 3428 numeros
1594 3384 1834 3427 constituit
1875 3382 2122 3429 Bentleius

360 3453 422 3497 75
462 3452 668 3511 praesidii
706 3453 818 3497 libri
854 3455 1015 3510 optimi
1055 3453 1215 3509 Tuse.,
1259 3452 1361 3496 Erl.
1402 3453 1426 3495 b
1467 3454 1526 3497 cle
1566 3467 1634 3500 or.
1676 3452 1760 3497 III
1800 3451 1863 3498 26
1903 3453 2121 3511 praesidia

220 3523 323 3566 Erl.
366 3523 390 3566 b
428 3524 484 3566 (le
521 3537 589 3567 or.
619 3523 704 3567 III
725 3522 790 3566 47
900 3535 1063 3581 sequar
1104 3523 1207 3567 Erl.
1249 3522 1274 3566 b
1312 3521 1419 3566 ibid.
