2294 3844
1011 304 1059 343 1..
1098 304 1316 344 A'r‘r1vs
2018 308 2111 357 171

1080 434 1133 485 II
1175 431 1257 504 (1)

1158 531 1522 582 aliern-abihail

217 604 323 655 2⁴35
368 600 623 654 Diuitiam
665 601 957 671 parisssent

1067 701 1148 753 ΙΙΙ
1191 700 1273 762 (43

363 788 513 856 Quoi,
532 788 573 839 si
594 786 719 840 hinc
747 790 1051 857 superescit,
1072 789 1320 858 Spartam
1339 794 1497 859 atque
1517 790 1767 859 Amyclas
1787 796 1938 846 trad«,
1962 794 2117 866 legul.

1063 885 1142 937 IV
1184 884 1266 956 (53)

361 974 552 1026 Melias
593 975 832 1044 pigrasse
873 975 1098 1042 quamde
1139 995 1452 1045 properasse
1495 980 1572 1029 est
1614 981 1778 1031 nefas.

1077 1072 1126 1123 V
1169 1070 1251 1142 (2)

359 1161 495 1222 Quid
537 1160 731 1230 agaim?
772 1180 875 1212 uox
913 1161 1094 1213 illiust.
1128 1194 1196 1199 -—
1240 1162 1393 1215 (fe'rie
1434 1164 1571 1214 idem
1615 1185 1797 1216 omnes
1840 1167 2120 1222 ‹ah-nimus.

670 1279 1207 1333 eLVTEMESTRA
1286 1281 1422 1333 Vide
1463 1303 1511 1351 p.
1558 1285 1658 1334 139

743 1377 1161 1430 DEIPHOBVS
1224 1378 1360 1430 Vide
1401 1399 1450 1448 p.
1481 1380 1583 1431 152

970 1474 1347 1528 DIOMEDES

1089 1571 1116 1623 I
1157 1568 1240 1642 (1)

1005 1661 1116 1714 fere
1157 1663 1555 1715 exanclauimus

321 1787 366 1827 ΙΙ
390 1787 503 1829 Non.
526 1788 622 1838 475,
646 1789 699 1827 25
731 1788 1002 1841 ‘partiret
1032 1801 1110 1841 pro
1132 1788 1383 1841 partiretur
1413 1821 1421 1828 .
1441 1821 1448 1829 .
1469 1821 1505 1830 ..
1537 1788 1701 1830 Accius
1735 1790 1991 1844 Chrysippo
2023 1823 2031 1830 .
2051 1823 2059 1830 .
2080 1824 2088 1832 .

210 1844 513 1897 (Cresippo
554 1844 730 1896 Bamb.)
876 1845 944 1886 III
983 1845 1151 1885 Festus
1193 1859 1235 1898 p.
1269 1848 1350 1886 302
1390 1847 1452 1888 Μ.
1494 1850 1843 1899 ‘superescit
1884 1847 2114 1900 signifieat

210 1902 448 1954 supererit.
501 1902 677 1941 Ennius
710 1923 760 1928 —
794 1905 839 1942 et
871 1902 1013 1942 Acer
1043 1902 1089 1940 in
1124 1901 1403 1955 Chrysippoz
1438 1904 1538 1955 qui’
1573 1917 1609 1943 e.
1636 1917 1675 1955 q.
1702 1917 1735 1943 s.
1781 1904 2008 1955 (Accius
2031 1907 2116 1944 Vr—

210 1958 354 2005 sinus)
472 1958 535 1998 IV
566 1958 681 1999 Non.
716 1959 809 2008 154,
844 1960 864 1997 1
898 1959 1177 2010 ‘pigrare,
1210 1960 1422 2000 retinere.
1462 1960 1630 1999 Accius
1654 1961 1868 2014 Erigonis
1900 1992 1936 2001 ..
1957 1993 1966 2002 .
1995 1961 2114 2001 idem

210 2014 467 2066 Chrysippo
500 2045 541 2053 ..
569 2018 603 2054 .’
749 2015 787 2053 V
819 2015 934 2054 Non.
976 2016 1080 2065 261,
1123 2018 1173 2055 10
1215 2020 1498 2067 ‘cernere,
1542 2017 1711 2057 audire.
1765 2017 1933 2058 Accius
1974 2017 2112 2070 Chry-

207 2072 243 2112 si
282 2082 339 2124 po
366 2072 462 2112 ...⁹

250 2085 276 2125 p
323 2129 568 2168 D10Mnnsss
600 2129 622 2168 I
653 2128 767 2168 Non.
791 2130 894 2178 292,
930 2130 981 2168 10
1013 2129 1344 2171 ‘exanclare
1378 2131 1516 2170 etiam
1549 2130 1783 2183 signifieat
1811 2133 1990 2185 perpeti
2022 2163 2057 2173 ..
2078 2135 2114 2171 .’

352 2262 452 2310 264
491 2261 801 2308 aeternabilem
839 2263 970 2318 libri,
1015 2267 1216 2309 correxi
1342 2263 1441 2310 265
1482 2281 1545 2310 an
1580 2267 1837 2325 partissint,
1877 2273 1926 2312 ut
1953 2266 2114 2312 ambis-

209 2337 298 2380 sint
334 2338 379 2379 in
407 2336 574 2380 Plauti
597 2334 764 2392 Amph.
795 2334 892 2380 69?
930 2335 1165 2380 Mensura
1200 2336 1321 2380 liaeo
1358 2349 1544 2394 quoque
1567 2344 1765 2394 praesto
1793 2344 1863 2383 est
1900 2374 1909 2384 .
1936 2374 1945 2383 .
1983 2337 2116 2382 alter-

211 2405 398 2450 nabilem
426 2405 626 2450 diuitiam
654 2404 895 2464 partissent
932 2442 977 2451 ..
1123 2405 1222 2452 266
1263 2408 1369 2466 quin
1408 2407 1511 2452 hine
1550 2409 1652 2452 eod.
1695 2409 1802 2467 quin
1840 2410 1876 2453 si
1918 2409 2115 2454 Vrsinus

211 2477 317 2536 quin
343 2477 446 2522 huie
469 2478 506 2521 si
535 2477 774 2522 Dae-erius
801 2478 906 2536 quin
935 2476 1006 2521 hie
1031 2478 1067 2521 si
1093 2477 1450 2523 Lindemannus
1477 2479 1552 2538 qui
1579 2477 1701 2523 illine
1730 2480 1826 2538 fuit
1854 2494 1959 2524 cum
1988 2483 2112 2524 coni-

211 2560 369 2593 cerem
471 2548 695 2608 superesit
724 2547 917 2593 Grotius
943 2548 1067 2593 Bibl.
1098 2551 1205 2594 crit.
1232 2563 1341 2595 nou.
1371 2548 1454 2594 IV
1567 2549 1769 2609 Amyclas
1809 2553 1947 2610 uulqo
1986 2553 2115 2610 Amy-

210 2620 298 2663 cias
339 2620 440 2663 coel.
594 2617 758 2663 tradam
798 2619 1169 2665 Linclemannus.
1224 2619 1420 2666 Versum
1461 2620 1630 2665 tradibo
1670 2622 1878 2680 eoeplebit
1916 2623 1980 2666 acl
2009 2621 2114 2679 for-

211 2703 313 2734 mae
352 2688 533 2734 reddibo
574 2690 918 2735 similituclitzem
953 2690 1159 2748 factum.
1284 2690 1454 2736 Veram
1487 2694 1685 2737 nominis
1710 2692 1911 2752 Amyclas
1946 2706 2114 2750 proso-

209 2762 336 2805 (Iutm
373 2761 534 2806 docuit
560 2761 853 2806 Ritselzelius
879 2774 1045 2818 opusc.
1072 2762 1129 2807 II
1155 2761 1283 2820 503,
1323 2777 1400 2821 quz
1428 2764 1555 2822 quod
1570 2778 1623 2821 p.
1653 2762 1753 2809 487
1785 2769 2115 2821 proposuerat

211 2832 317 2890 quin
357 2831 393 2875 si
431 2831 502 2876 hic
539 2830 635 2890 (uel
674 2832 810 2890 quisi
851 2830 967 2889 huie)
1006 2846 1041 2876 s.
1070 2831 1271 2892 Spartam
1311 2833 1349 2877 ei
1376 2838 1508 2893 atque
1535 2827 1766 2894 Amyculas
1811 2831 1817 2885 Ι
1860 2833 1986 2878 trado
2014 2837 2116 2892 ipse

209 2904 241 2947 l.
281 2903 312 2947 l.
353 2904 644 2960 repudiauit
697 2903 804 2961 quin
852 2903 889 2946 si
936 2903 1008 2948 hie
1046 2917 1083 2949 s.
1125 2902 1327 2963 Spartam
1374 2905 1414 2948 ei
1452 2910 1586 2963 atque
1622 2905 1889 2950 Amunculas
1936 2905 1942 2960 Ι
1985 2903 2113 2948 trado

210 2973 485 3018 dubitanter
510 2973 858 3032 Hertzberqius
884 2987 1001 3019 mus.
1028 2975 1182 3019 Rhen.
1212 2974 1348 3020 XIII
1371 2973 1471 3021 640
1498 2974 1564 3033 (in
1591 2977 1844 3021 Rzmtscleeln
1867 2988 2032 3033 opusc.
2061 2974 2116 3019 II

211 3041 346 3100 501).
376 3043 479 3089 huic
515 3057 620 3103 qum
647 3043 898 3103 superescit
924 3043 1000 3103 Sp.
1039 3051 1173 3104 atque
1202 3045 1402 3105 Amyclas
1443 3045 1569 3090 trado
1608 3059 1694 3106 ego
1733 3046 1784 3091 L.
1816 3046 2021 3091 Mueller
2058 3047 2113 3089 cle

211 3126 266 3158 re
296 3129 355 3158 m.
384 3113 484 3160 429
526 3109 617 3174 qui'
641 3113 743 3159 hinc
768 3116 1042 3174 superescit,
1082 3114 1158 3175 Sp.
1189 3130 1225 3160 a.
1256 3117 1305 3160 A.
1346 3116 1470 3161 [rado
1507 3118 1758 3162 trochaeos
1784 3117 2114 3161 Buechelerus

211 3186 394 3230 suadet.
436 3185 498 3229 Et
536 3186 575 3229 ei
614 3191 658 3230 et
695 3199 781 3245 ego
821 3188 920 3243 ipse
952 3187 1056 3230 olim
1083 3189 1384 3232 inserueram
1546 3186 1645 3233 267
1688 3186 1876 3246 quamde
1914 3187 2113 3232 Botlu’us

212 3267 343 3313 quam
380 3256 519 3300 libri.-
557 3258 664 3301 olim
704 3255 790 3300 hoe
814 3260 921 3313 post
948 3262 1015 3300 est
1041 3260 1367 3314 inserueram,
1408 3264 1456 3302 ut
1484 3258 1816 3303 Buechelerus
1855 3259 1968 3302 addi
1995 3257 2110 3300 uult.

159 3324 164 3328 “
317 3338 452 3384 quom
490 3341 533 3385 p.
576 3327 634 3370 sit
671 3340 712 3370 n.
743 3341 890 3384 prop.
921 3327 1233 3387 Kiesslinyius
1366 3327 1465 3373 268
1495 3329 1740 3374 Personas
1774 3329 1990 3372 distinxit
2016 3326 2108 3370 Bo-

214 3395 340 3439 thius
452 3395 592 3440 illiust
631 3397 924 3442 Ritsclzelius
962 3411 1126 3455 opusc.
1162 3398 1222 3442 II
1244 3397 1372 3455 683,
1408 3399 1459 3442 L.
1492 3398 1699 3444 Mueller
1733 3398 1789 3442 cle
1823 3410 1876 3441 re
1910 3412 1967 3441 m.
2006 3393 2105 3439 441

211 3463 330 3507 illius
357 3463 462 3521 (illis
503 3466 659 3511 Vrbin.
691 3466 809 3524 308)
836 3473 905 3512 est
929 3468 1040 3512 libri
1145 3475 1267 3513 certe
1295 3470 1359 3513 ad
1387 3472 1599 3526 priorem
1632 3481 1888 3526 personam
1915 3465 2108 3510 trahen-

214 3535 274 3576 tis
296 3533 523 3580 Muelleri
555 3539 888 3583 cauillationes
922 3539 988 3583 nil
1013 3551 1194 3583 moror:
1235 3541 1341 3584 olim
1366 3544 1478 3597 post
1514 3545 1605 3592 est,
1654 3539 1780 3596 quod
1813 3536 2110 3594 efferendum

215 3603 565 3663 existimabam,
606 3606 810 3666 profecto
842 3611 1166 3667 inserueram,
1202 3615 1253 3654 ut
1286 3611 1426 3667 fieret
1452 3611 1743 3654 octonarius.
1892 3605 1991 3653 269
2026 3606 2110 3651 feri

217 3671 474 3718 Gulielmus
513 3675 662 3722 Veris.
691 3677 721 3721 Ι
746 3676 808 3722 21
