2294 3844
204 244 302 295 loo
949 247 1007 285 M.
1043 245 1336 288 PACVVIVS

1071 471 1095 521 Ῑ
1138 470 1220 539 (2)
1803 519 1808 522 .

1686 545 1752 596 ab
1793 547 1855 597 eo
1914 588 1923 597 .
1980 587 1990 597 .

338 640 634 709 Depiilsum
675 660 903 691 mannua
946 640 1426 707 paeda{rogandum
1474 640 1668 708 accipit

340 737 633 804 Repotialis
676 735 851 787 Liber.

1061 825 1108 875 Π
1151 824 1233 895 (4)

341 922 439 972 sed
483 920 542 971 lu'
581 923 825 972 eluentur
864 922 1137 989 hospitum
1178 920 1494 972 infidissimi.

196 1115 297 1164 195
340 1156 555 1165 .....
595 1114 848 1165 blandam
889 1113 1233 1164 hortatricem
1276 1112 1496 1181 adiugat

349 1210 689 1277 Voluptatem

654 1305 731 1357 IV
774 1304 937 1374 (Eun.
977 1305 1151 1357 Iliona
1196 1306 1221 1355 1
1264 1304 1486 1356 Hecuba
1534 1304 1624 1375 14)

336 1402 524 1469 Mater,
555 1405 608 1453 te
642 1403 868 1470 appello,
892 1405 967 1470 tii,
1001 1420 1134 1469 quae
1170 1420 1350 1452 ourani
1393 1402 1581 1452 somno
1609 1401 1922 1469 suspensam
1947 1402 2094 1453 leuas

303 1536 471 1574 ImoNA
503 1534 522 1573 I
553 1535 723 1574 Festus
755 1547 795 1586 p.
818 1534 897 1573 281
921 1531 982 1574 M.
1018 1538 1135 1586 ‘rep
1151 1534 1290 1573 otia:
1325 1533 1546 1584 postridie
1580 1535 1764 1585 nuptias
1787 1533 1909 1586 apud
1931 1547 2096 1574 nouum

188 1591 399 1630 maritum
435 1595 643 1641 cenatur,
678 1591 782 1642 quia
816 1591 948 1641 quasi
979 1589 1182 1629 refieitur
1213 1591 1423 1642 potatio.'
1512 1590 1558 1630 II
1588 1590 1701 1629 Non.
1731 1591 1800 1641 88,
1832 1593 1857 1630 3
1889 1590 2094 1637 ‘cluet‚

192 1649 453 1686 nominatur
482 1679 491 1687 .
520 1679 528 1686 .
556 1651 591 1686 .’
737 1647 806 1687 ΙΙΙ
837 1646 951 1686 Non.
985 1648 1057 1693 75,
1093 1649 1143 1686 13
1177 1646 1500 1698 ‘adiugare‚
1537 1645 1802 1697 adiungere.
1862 1646 2096 1686 Plautus

190 1704 365 1756 Chryse
396 1734 405 1744 .
432 1735 440 1742 .
469 1734 478 1742 .
509 1704 629 1743 idem
661 1703 807 1743 Iliona
839 1734 875 1743 ..
896 1706 930 1743 .'
1081 1704 1144 1743 IV
1179 1702 1338 1742 Cicero
1371 1703 1503 1741 Tusc.
1535 1703 1648 1753 disp.
1683 1704 1703 1742 Ι
1733 1705 1809 1752 44,
1844 1704 1923 1743 106
1955 1706 2095 1743 ‘ecce

194 1761 313 1800 alius
347 1761 552 1800 exoritur
585 1773 607 1800 e
639 1764 784 1811 terra,
819 1759 895 1811 qui
929 1763 1121 1799 matrem
1156 1759 1348 1798 dormire
1380 1772 1469 1798 non
1502 1760 1647 1798 sinat:
1678 1758 1878 1809 Mater,
1913 1765 1965 1800 te
1997 1772 2096 1811 ap-

188 1816 345 1868 pello
386 1849 396 1855 .
429 1847 438 1855 .
474 1847 484 1858 .
521 1820 721 1856 natum.
789 1813 918 1855 Haec
958 1829 1055 1855 oum
1094 1816 1262 1868 pressis
1310 1820 1353 1855 et
1392 1815 1622 1854 flebilibus
1663 1815 1829 1867 modis,
1871 1819 1947 1867 qui
1986 1816 2096 1856 totis

188 1873 382 1913 theatris
414 1874 691 1913 maestitiam
725 1873 950 1924 inferant⁷
994 1873 1316 1920 concinuntur,
1357 1871 1541 1911 difficile
1576 1874 1646 1911 est
1676 1883 1766 1911 non
1807 1884 1885 1912 eos
1921 1873 2000 1924 qui
2030 1872 2097 1911 in-

190 1929 364 1968 humati
398 1930 491 1969 sint
521 1931 710 1969 miseros
742 1928 964 1982 iudicare.
1005 1929 1158 1980 prius
1192 1941 1347 1980 quam
1382 1928 1538 1967 ferae
1570 1926 1966 1980 uolucresque.
2004 1941 2096 1968 me-

191 1986 279 2025 tuit
311 1999 366 2025 ne
400 1985 618 2026 laceratis
656 1985 867 2026 membris
907 1986 1058 2025 minus
1090 1985 1206 2025 bene
1239 1989 1414 2024 utatur:
1456 1997 1512 2024 ne
1546 1984 1813 2033 combustis,
1854 1997 1942 2024 non
1983 1985 2097 2025 exti-

191 2043 362 2083 mescit.
401 2040 515 2094 [200.
550 2038 652 2095 ⁶201]
713 2043 814 2081 Non
844 2041 1087 2094 intellego,
1133 2041 1237 2093 quid
1270 2045 1469 2090 metuat,
1511 2053 1610 2080 eum
1648 2044 1742 2079 tam
1772 2042 1914 2081 bonos
1946 2045 2096 2094 septe·

189 2099 367 2138 narios’
403 2100 738 2150 (‘oetonarios'
773 2098 1040 2147 Lambinus)
1077 2097 1268 2137 ‘fundat
1299 2097 1357 2136 ad
1388 2097 1585 2139 tibiam.’
1627 2097 1847 2136 Horatius
1881 2098 2021 2138 Serm.
2052 2098 2095 2137 II

190 2160 238 2205 3,
264 2156 318 2195 60
351 2159 467 2195 ‘non
498 2156 642 2207 magis
677 2154 874 2195 audierit
907 2167 1042 2205 quam
1073 2153 1229 2193 Fufius
1261 2154 1415 2193 ebrius
1448 2153 1578 2203 olim,
1613 2153 1723 2192 Cum
1757 2153 1950 2193 Ilionam
1972 2154 2096 2194 edor-

188 2212 291 2259 mit‚
335 2210 542 2251 Catienis
580 2211 701 2251 mille
738 2211 952 2250 ducentis
989 2211 1170 2250 Mater
1218 2214 1270 2250 te
1312 2209 1533 2262 appello
1574 2209 1920 2250 clamantibus.’
1987 2210 2095 2250 Por-

190 2267 349 2320 phyrio
381 2269 428 2307 in
460 2267 486 2309 l.
510 2268 539 2308 l.
573 2268 685 2308 ‘hoc
718 2280 855 2307 uersu
885 2267 1186 2308 clamitabant
1210 2268 1286 2318 qui
1318 2271 1388 2306 est
1410 2266 1621 2306 Pacuuii’
1656 2265 1688 2315 (‘
1703 2265 1808 2307 fort.
1842 2265 1888 2304 in
1919 2265 2094 2306 Iliona'

187 2329 321 2363 uetus
353 2324 470 2364 liber
500 2325 550 2365 P.
583 2323 811 2375 Danielis)
841 2328 881 2362 ‘t
910 2321 1057 2375 [197J’
1098 2323 1217 2363 idem
1253 2321 1437 2363 deinde:
1489 2322 1588 2361 <hic
1632 2322 1834 2361 Fufius
1866 2320 2095 2373 (Fusius

188 2379 315 2431 libri)
355 2381 643 2420 Phocaeus
684 2381 942 2429 (focaeus
976 2381 1155 2422 Monac,
1197 2379 1390 2420 foceus
1422 2378 1545 2425 Par.)
1579 2377 1921 2430 tragoediarum
1964 2383 2097 2418 actor

190 2437 297 2486 fuit,
333 2437 409 2488 qui
441 2449 539 2476 cum
573 2436 711 2475 uellet
741 2437 935 2477 Ilionam
959 2435 1258 2475 dormientem
1290 2435 1567 2487 exprimere,
1601 2438 1652 2472 ut
1684 2434 1739 2472 ad
1772 2433 1854 2472 filii
1885 2434 2096 2486 Polydori

190 2498 457 2544 exsurgeret
479 2505 660 2544 uocem,
695 2493 741 2531 in
766 2505 904 2532 scena
927 2491 1203 2531 obdormiit)
1245 2492 1362 2531 Acro
1392 2492 1439 2530 in
1471 2490 1499 2530 l.
1524 2490 1578 2529 l.2
1612 2489 1706 2529 ‘hic
1727 2490 1930 2530 Fufius
1963 2494 2092 2530 actor

189 2549 526 2600 tragoediarum
560 2549 668 2597 fuit,
709 2549 788 2600 qui
818 2561 914 2587 curn
947 2547 1140 2588 Ilionam
1171 2547 1456 2599 tragoediam
1489 2550 1650 2598 ageret
1682 2546 1836 2586 ebrius
1876 2551 1922 2586 et
1952 2547 2096 2588 uellet

189 2618 288 2644 eam
321 2605 535 2644 simulare
569 2604 886 2655 dormientem,
926 2605 1155 2656 grauitate
1187 2604 1284 2642 uini
1316 2603 1372 2643 ad
1410 2615 1567 2643 uerum
1599 2615 1800 2642 somnum
1833 2602 1992 2643 ductus
2025 2607 2095 2643 est

226 2692 263 2701 ..
302 2660 552 2714 Polydorus
583 2660 657 2700 hic
688 2665 880 2701 necatus
910 2658 1050 2700 no‘ctu
1083 2661 1227 2701 sorori
1258 2660 1388 2700 uenit
1428 2659 1475 2698 in
1508 2659 1676 2699 somnis
1708 2670 1897 2711 rogans,
1937 2663 1988 2699 ut
2025 2672 2094 2700 se-

330 2825 425 2871 191
456 2825 507 2870 ab
535 2839 587 2870 eo
612 2825 724 2870 libri
758 2825 795 2868 is
830 2823 940 2869 adeo
968 2825 1290 2883 Kiesslinqius
1315 2825 1618 2881 septenarios
1645 2823 1996 2868 commendans.
2037 2821 2091 2867 ab

189 2895 266 2940 llio
295 2899 371 2941 uel
405 2895 456 2940 ab
484 2910 536 2941 eo
574 2917 598 2940 υ
635 2920 705 2927 -—-
742 2895 1071 2940 Buechelerus
1191 2893 1242 2938 ab
1270 2908 1318 2939 ea
1347 2894 1389 2939 d.
1416 2892 1814 2953 paedagogandum
1842 2907 1878 2938 a.
1907 2892 2089 2937 Mamma

191 2968 296 3011 olim
315 2969 491 3023 scripsi
572 2965 667 3011 193
695 2965 923 3024 repotialis
951 2964 1064 3010 liber
1084 2968 1234 3023 (immo
1255 2964 1384 3009 Liber
1405 2966 1639 3022 suppletis
1660 2965 1703 3007 in
1725 2962 1934 3008 Thraecis
1957 2963 2091 3007 domo

189 3036 322 3096 Regis
359 3035 706 3094 Buechelerus)
736 3035 969 3095 Scaliger,
1018 3036 1265 3081 Turnebus
1292 3035 1413 3080 Aclu.
1440 3033 1578 3080 XIII
1601 3033 1664 3078 25
1705 3033 1945 3093 appottalis
1983 3031 2093 3078 libet

190 3108 290 3152 cod.
320 3104 449 3163 (liber
477 3112 591 3151 teste
619 3105 682 3150 H.
698 3105 852 3151 Keilio
879 3106 1004 3151 Mus.
1021 3107 1173 3152 Rben.
1205 3106 1331 3163 VIp.
1348 3101 1464 3164 624)
1493 3103 1703 3163 repotiali
1729 3104 1843 3148 lacte
1868 3103 1918 3148 0.
1937 3102 2090 3147 Muel-

187 3179 320 3222 lerus
346 3183 395 3220 ut
420 3177 593 3235 repotia
619 3175 708 3220 illic
734 3174 840 3220 libet
867 3177 1080 3235 paruolus
1109 3178 1215 3221 olim
1243 3178 1435 3220 eonieei.
1544 3173 1642 3220 194
1668 3173 1747 3218 sed
1775 3173 1819 3217 hi
1846 3173 2018 3218 Iunius
2040 3175 2088 3217 in

188 3263 276 3306 my.
317 3246 395 3291 sed
422 3246 529 3290 haec
554 3246 666 3290 libri
703 3244 800 3290 heic
835 3248 1174 3291 nominutiuum
1204 3247 1444 3304 pluralem
1485 3245 1780 3289 commendat
1804 3243 1857 3288 L.
1884 3243 2092 3287 Mueller

189 3319 246 3361 (le
273 3331 326 3361 re
352 3332 409 3362 m.
435 3316 552 3362 386.
584 3316 814 3361 Fortasse
837 3315 1054 3360 Thraeces
1082 3317 1426 3362 restituendum
1524 3313 1773 3358 infidissimi
1797 3312 2000 3357 Bothius
2024 3312 2090 3356 in-

190 3386 431 3431 fidelissimi
456 3387 568 3432 libri
643 3385 740 3431 195
763 3398 831 3443 sq.
854 3400 941 3431 om.
967 3386 1030 3429 W
1060 3391 1267 3444 exceptu
1296 3387 1456 3430 ultima
1487 3396 1606 3430 uoce
1682 3382 1780 3428 196
1810 3381 2088 3442 uoluptatem

189 3457 459 3512 Mercerus⁷
489 3457 680 3503 Grotius
699 3455 820 3501 Bibl.
847 3458 951 3500 crit.
975 3471 1021 3500 n.
1044 3456 1071 3500 Ι
1088 3457 1124 3501 V
1148 3455 1427 3500 uoluntatem
1451 3455 1564 3498 libri
1640 3451 1736 3497 197
1768 3457 1815 3495 tu
1836 3452 1953 3511 Req.
1971 3452 2088 3497 Gud.

196 3526 352 3572 Brua'.
381 3527 546 3582 Bern.,
577 3542 664 3572 om.
698 3539 804 3571 eum
831 3528 1006 3571 celeris
1036 3525 1286 3570 Bentleius
1371 3536 1633 3583 suspensam
1663 3523 1776 3567 libri
1807 3523 2088 3580 deteriores,

190 3596 473 3655 Porphyrio,
510 3596 752 3642 Bentleius
788 3597 909 3642 olim.
939 3608 1158 3655 suspenso
1196 3596 1307 3640 libri
1343 3596 1518 3652 optimi,
1554 3593 1804 3639 Bentleius
1840 3598 1936 3639 not.
1964 3593 2089 3638 ined.
