2294 3844
910 263 967 301 M.
1001 262 1297 302 PA(⁷1VV1VS
1997 260 2052 310 81

1001 391 1099 443 VII
1143 390 1227 460 (7)

199 489 269 540 30
312 531 318 538 .
362 531 369 538 .
411 488 492 538 dic
534 488 658 555 quid
702 489 912 539 fficium:
956 488 1093 555 quod
1138 507 1218 538 nu»
1262 488 1514 552 numeris,
1555 490 1797 537 ossi-etnim
1840 489 1990 537 «inlu».

983 583 1110 635 VII]
1155 582 1238 652 (3)

313 681 557 748 praloqui
601 699 707 731 non
751 681 1098 747 paussnitubunt
1141 677 1292 730 liberi
1335 680 1546 745 ingrato
1589 680 1649 729 (2x
1695 681 1822 729 loco.

1011 775 1085 826 IX
1128 774 1211 844 (G)

360 915 367 923 .
410 878 462 924 et
502 892 684 924 aecum
727 877 778 923 et
819 874 1018 923 rectum
1062 877 1164 939 cst,
1205 872 1345 939 quod
1390 869 1486 940 {tu}
1532 872 1792 939 postulas:

308 969 473 1020 Inmiti
517 973 752 1020 cernant.

1010 1042 1056 1094 X
1101 1041 1220 1111 (14)

309 1183 524 1191 .....
567 1141 710 1191 nilne
752 1140 817 1191 ad
857 1144 908 1190 te
950 1140 1013 1190 de
1054 1139 1246 1190 iudicio
1290 1157 1493 1189 armum
1537 1138 1764 1190 ziceidit‘?

181 1334 250 1384 35
291 1332 442 1394 Quod
470 1335 568 1401 ego
596 1332 834 1384 inaudiui
863 1331 1102 1401 accipite,
1128 1336 1181 1383 et
1207 1332 1331 1400 quid
1359 1332 1425 1382 sit
1452 1332 1593 1382 fa'icto
1622 1350 1754 1399 opus
1783 1332 2061 1383 demirnite.

981 1427 1086 1480 XII
1128 1426 1247 1497 (12)

293 1526 437 1578 ‘Cum
479 1526 725 1578 recordor
766 1524 878 1577 esus
920 1528 1150 1576 ferocem
1191 1528 1243 1575 et
1282 1525 1492 1575 t6ruum
1535 1524 1912 1576 confidentiam

307 1762 314 1770 .
359 1761 368 1770 .
410 1762 418 1770 .
459 1720 622 1771 feroci
664 1720 904 1788 ingenio,
943 1720 1151 1786 t6ruus7
1191 1716 1517 1786 praegrandi
1556 1718 1723 1786 gradu

962 1821 1092 1873 XIV
1135 1819 1254 1891 (13)

303 1918 443 1971 Nz'un
486 1920 654 1988 canis,
695 1919 908 1987 quando
950 1920 1031 1969 est
1069 1936 1319 1986 percussa
1360 1917 1558 1986 lzipide,
1606 1936 1715 1969 non
1757 1922 1867 1968 tum
1911 1919 2058 1969 illum

1369 2014 1594 2082 impetit,

270 2176 353 2217 VII
385 2177 497 2217 Non.
532 2178 626 2226 507,
660 2178 712 2216 25
745 2177 1010 2217 ‘moneris
1050 2188 1129 2228 pro
1168 2176 1432 2215 monueris.'
1577 2175 1684 2215 VIII
1718 2177 1832 2217 Non.
1867 2178 1970 2228 475,
2011 2179 2059 2217 18

158 2234 594 2286 ‘paenitebant.’
644 2231 1005 2285 (poenitebat
1037 2232 1213 2282 Bamb.)
1304 2231 1366 2271 IX
1398 2232 1512 2271 Non.
1547 2233 1736 2282 261,13
1769 2237 2056 2284 ‘cernere,

158 2289 395 2330 iudicare.’
542 2289 582 2328 X
614 2289 772 2329 Cicero
805 2289 932 2330 Orat.
964 2290 1040 2338 64,
1076 2291 1153 2328 155
1194 2292 1270 2328 ‘at
1301 2287 1377 2327 ille
1419 2287 1535 2327 alter
1573 2288 1619 2327 in
1651 2287 1823 2340 Chryse
1861 2319 1871 2329 .
1897 2320 1906 2328 .
1933 2320 1941 2327 .
1976 2303 2059 2329 nec

156 2347 274 2386 enim
308 2345 498 2386 dixerim
533 2350 625 2385 tam
656 2346 854 2386 libenter
885 2358 1087 2385 armum
1128 2344 1421 2394 iudicium,
1464 2345 1549 2384 etsi
1590 2347 1660 2384 est
1691 2345 1808 2397 apud
1843 2345 2058 2385 eundem:

157 2402 296 2442 nilne’
331 2415 370 2446 e.
404 2415 443 2455 q.
478 2415 513 2442 s.
617 2402 681 2441 XI
711 2402 826 2444 Non.
862 2403 961 2453 126,
994 2403 1047 2441 23
1080 2403 1234 2441 ‘inau
1251 2401 1389 2449 dire,
1422 2400 1580 2440 audire
1611 2404 1703 2441 ...³
1809 2401 1911 2444 XII,
1946 2401 2055 2441 XIII

160 2459 328 2499 Festus
361 2472 403 2511 p.
435 2461 515 2500 355
546 2458 606 2498 M.
642 2459 918 2499 ‘toruitas
950 2473 975 2498 a
1008 2458 1179 2498 ferocia
1212 2462 1442 2497 taurorum
1473 2457 1595 2497 dicta
1629 2464 1711 2497 est.
1753 2457 1981 2497 Pacuuius
2014 2459 2058 2497 in

156 2515 389 2556 Armorum
421 2515 592 2555 iudicio
628 2513 782 2568 [XIII]
819 2512 1038 2568 et[X11]’
1072 2515 1245 2554 Nonius
1278 2527 1318 2566 p.
1343 2515 1439 2564 262,
1466 2515 1513 2553 11
1547 2513 1933 2554 ‘confidentia
1966 2527 2058 2554 rur-

161 2583 257 2611 sum
289 2573 544 2621 temeritas,
585 2572 793 2611 audacia.
854 2572 1087 2611 Pacuuius
1125 2571 1171 2610 in
1209 2569 1464 2610 Athalanta
1494 2568 1610 2622 [IV]-
1633 2569 1772 2610 idem
1810 2571 1887 2611 lib.
1921 2570 1984 2609 X’
2019 2585 2057 2613 c.

163 2641 204 2680 q.
237 2641 270 2667 s.
313 2627 540 2668 Secuntur
571 2628 776 2667 nimirum
809 2627 974 2667 Lucilii
1006 2628 1167 2675 uerba,
1200 2627 1278 2666 sed
1312 2631 1414 2678 post
1443 2626 1580 2666 idem
1614 2626 1838 2667 excidisse
1870 2627 2058 2667 Pacuuii

163 2685 218 2725 fr.
250 2683 338 2724 XII
372 2689 418 2724 et
448 2696 608 2724 nomen
640 2683 811 2723 Lucilii
844 2683 1085 2724 admodum
1118 2683 1421 2735 probabiliter
1452 2683 1652 2723 coniecit
1682 2682 1890 2723 Rothius.

156 2738 260 2781 XIV
291 2740 404 2784 Non.
441 2742 542 2792 124,
575 2742 600 2779 2
633 2741 761 2780 ‘icit
794 2739 1022 2793 significat
1053 2740 1267 2792 percutit,
1301 2739 1357 2779 ab
1391 2739 1485 2779 ictu
1516 2743 1606 2780 ...’
1642 2741 1880 2789 (ax-moro
1912 2739 2055 2779 iudi-

295 2888 362 2935 30
399 2888 511 2934 (labo
551 2888 720 2933 Iunius
758 2889 809 2933 da
846 2889 957 2934 libri
1092 2887 1345 2933 Senarium
1384 2889 1606 2932 celerauit
1645 2887 1697 2932 G.
1740 2887 2052 2933 Hermannus

295 2958 358 3004 31
399 2958 609 3019 proloqui
648 2973 736 3003 non
776 2957 1096 3018 poenitebunt,
1137 2957 1258 3002 liberi
1298 2959 1475 3016 ingrato
1517 2958 1569 3003 G.
1600 2958 1913 3002 Hermanmcs
1949 2972 2054 3016 pro-

154 3028 261 3088 logo
302 3042 419 3074 nunc
456 3027 743 3088 paenitebunt
792 3028 935 3073 libunt
983 3027 1106 3072 liberi
1146 3035 1277 3087 grato
1316 3028 1449 3083 libri,
1498 3028 1592 3072 nisi
1626 3030 1753 3086 quod
1788 3027 2053 3087 penitebunt

420 3087 431 3119 ι

155 3127 322 3172 Bamb.
359 3134 403 3172 el
429 3126 586 3172 bibunt
606 3089 749 3172 ¹biberi
787 3126 848 3171 W
869 3125 938 3184 cf.
965 3126 1497 3184 Duentzerus·EpIzem.
1525 3124 1683 3171 Marb.
1716 3125 1848 3171 1848
1872 3140 1922 3183 p.
1950 3124 2051 3170 486

295 3197 359 3243 32
400 3204 449 3242 tu
488 3212 574 3243 om.
613 3199 725 3243 libri
858 3204 901 3241 et
939 3209 1130 3255 aequum
1169 3203 1238 3241 est
1276 3196 1321 3241 et
1357 3204 1530 3241 rectum
1569 3197 1654 3241 hoc
1693 3195 1812 3255 quod
1851 3193 2050 3254 postulas

155 3267 210 3310 G.
237 3268 547 3313 Hei-mannus
682 3263 814 3329 [illud
855 3261 984 3327 num]
1020 3273 1065 3311 et
1103 3280 1255 3311 aecum
1296 3273 1341 3311 et
1378 3273 1549 3311 rectum
1587 3268 1646 3310 sit
1686 3265 1804 3324 quod
1845 3264 2050 3324 postulas

154 3335 509 3396 Buechelerus,
548 3351 673 3397 quae
712 3351 818 3382 cum
851 3337 1025 3396 fabula
1064 3339 1218 3381 minus
1255 3338 1480 3382 uid-entur
1518 3348 1802 3396 conyruere.

154 3405 218 3450 34
257 3407 377 3452 nilne
414 3408 466 3454 G.
502 3409 814 3454 Hermannus
850 3407 1018 3452 nihilne
1052 3407 1164 3452 libri
1324 3407 1389 3452 35
1428 3406 1549 3466 quod
1588 3419 1673 3465 ego
1712 3403 1905 3448 inaudiui
1941 3403 2053 3447 libri

153 3476 274 3533 quod
312 3490 399 3537 ego
437 3478 664 3523 indaudiui
691 3479 1008 3537 Kiesslinyius
1046 3475 1166 3536 quod
1205 3476 1400 3521 inaudiui
1442 3475 1493 3521 G.
1522 3476 1848 3521 Hei-mannus.
1891 3472 2051 3518 Possis

153 3547 292 3590 eliam
327 3551 569 3594 senarium
606 3562 725 3595 uoce
763 3562 877 3608 opus
917 3548 1144 3592 claudere
1295 3545 1358 3592 37
1410 3543 1671 3605 praegrandi
1710 3544 1851 3602 uulyo
1892 3556 2050 3602 praeg-

153 3613 283 3659 nandi
321 3618 422 3662 cod.
557 3619 669 3677 Eis,
708 3621 789 3678 qui
824 3620 1068 3663 senarium
1101 3610 1423 3674 lit-cceferunt,
1466 3615 1730 3672 repuynccri
1765 3615 1926 3672 nequit

235 3702 427 3744 Rmnncx,
451 3703 585 3737 Scaen.
608 3704 742 3745 fragm.
1669 3711 1695 3749 6
