2294 3844
217 251 314 301 14ss
1005 251 1057 290 L.
1090 249 1309 291 ATTIVS

1026 379 1162 431 VIII
1203 377 1286 449 (8)

247 478 315 529 80
356 476 414 528 Ὀ
457 476 629 527 dirum
668 475 1076 543 hostificlimqnc
1118 476 1279 544 diem,
1321 493 1350 526 o
1392 475 1501 526 nim
1540 476 1754 526 tomam
1793 474 1994 542 aspecti
2035 476 2110 525 at-

1511 547 1519 555 «
1537 589 1636 639 que
1676 571 2007 622 horribilem!

1055 666 1133 718 IX
1175 665 1258 738 (3)

358 765 459 817 Sed
501 767 830 833 anglistitatc
870 765 1131 815 inehisam
1173 764 1308 832 saxi,
1348 763 1646 832 squalidam

944 910 1380 964 AMPHITR-VO

1062 1008 1088 1059 Ι
1130 1007 1250 1078 (χυῖ))

430 1107 563 1156 Cum
602 1107 752 1173 paitre
793 1123 989 1172 paruos
1036 1105 1270 1172 patrium
1310 1103 1553 1155 hostifice

437 1200 710 1270 Sanguine
753 1219 993 1269 sanguen
1033 1202 1252 1252 miscere
1295 1219 1392 1252 suo

1067 1296 1122 1348 II
1164 1295 1246 1366 (4)

353 1393 426 1444 Vt
466 1396 577 1444 tam
619 1393 929 1445 obstinatod
970 1393 1148 1444 {inimo
1192 1392 1422 1444 confissts
1462 1395 1555 1443 tuo

1056 1488 1138 1540 III
1181 1487 1262 1558 (5)

244 1588 312 1638 85
352 1585 442 1637 An
482 1585 659 1636 nnssad
700 1588 873 1636 aetate
907 1585 1078 1637 mimis
1111 1586 1248 1636 male
1283 1584 1505 1636 mulcari
1531 1584 1785 1652 exemplis
1827 1583 2114 1635 omnibus?

321 1705 430 1744 VIII
461 1703 573 1744 Non.
606 1703 711 1754 485,
744 1704 798 1742 25
840 1704 1090 1755 ‘aspecti
1130 1717 1209 1756 pro
1245 1707 1473 1755 aspectus.
1523 1702 1688 1742 Accius
1719 1703 2003 1754 Astyanacte

204 1760 322 1800 idem
361 1759 701 1800 Alfesiboea
737 1790 746 1799 .
773 1789 782 1799 .
810 1763 845 1800 .'
885 1759 1297 1812 (Alphesiboea
1327 1757 1404 1811 W)
1549 1759 1612 1798 IX
1652 1759 1767 1802 Non.
1800 1762 1868 1809 73,
1901 1760 1954 1799 ‘25
1996 1762 2119 1798 ‘an-

206 1818 549 1870 gustitatem
589 1815 757 1855 dictum
788 1829 868 1868 pro
902 1817 1132 1869 angustia.
1185 1815 1350 1856 Accius
1390 1815 1748 1856 Alfesiboea:
1793 1815 1896 1856 sed’
1932 1828 1971 1855 e.
2006 1828 2046 1867 q.
2079 1826 2115 1854 s.

347 1875 728 1912 AMPHITRVONEM
762 1878 808 1912 et
830 1873 1066 1912 PmsmAs
1099 1873 1312 1913 coniunxi
1343 1885 1443 1911 cum
1466 1872 1802 1924 Grotemeyero.
1834 1872 2118 1911 AMPmTRvo

206 1929 495 1980 (AMPITssvo)
529 1931 550 1969 I
581 1929 693 1969 Non.
716 1930 812 1979 224,
839 1931 890 1970 10
923 1931 1190 1982 ‘sanguis
1222 1929 1476 1968 masculino
1509 1941 1675 1980 genere
1707 1930 1754 1968 in
1786 1927 2116 1969 consuetudine

205 1987 404 2027 habetur
528 1990 688 2026 neutro
823 1985 989 2026 Accius
1022 1986 1405 2036 Amfitryone:
1440 1989 1564 2025 cum’
1599 1999 1637 2027 e.
1672 1998 1713 2037 q.
1746 1998 1780 2028 s.
1877 1985 1923 2026 11
1952 1984 2118 2024 Festus

206 2058 246 2095 p.
283 2045 362 2083 193
394 2044 456 2084 M.
492 2043 836 2093 ‘obstinato,
871 2042 1132 2094 obfirmato,
1165 2042 1504 2095 perseueranti,
1537 2047 1587 2081 ut
1619 2047 1774 2082 tenere
1808 2042 1954 2094 possit
1983 2063 2038 2069 —
2069 2043 2119 2080 ut

208 2101 376 2139 Accius
417 2102 462 2139 in
501 2099 925 2151 Amphitryone:
965 2103 1017 2138 ut
1056 2103 1175 2138 tam’
1213 2112 1248 2138 e.
1283 2111 1323 2151 q.
1358 2112 1392 2139 s.
1506 2099 1577 2138 ΠΙ
1607 2099 1722 2141 Non.
1759 2101 1804 2149 1,
1836 2100 1889 2138 27
1930 2101 2118 2138 ‘aeta-

205 2161 316 2196 tem
347 2156 547 2195 malam
580 2159 860 2195 senectutem
883 2160 1066 2196 ueteres
1089 2156 1302 2196 dixerunt
1332 2187 1341 2195 .
1362 2187 1369 2195 .
1389 2187 1398 2197 .
1429 2152 1591 2194 Accitis
1622 2155 1995 2206 Amfitryone:
2030 2155 2116 2194 an’

206 2228 244 2253 e.
282 2226 324 2265 q.
358 2225 389 2253 S.
428 2212 819 2263 (Amfytryone
853 2212 1032 2258 Bamb.)

353 2333 420 2378 80
468 2333 680 2377 Seruaui
725 2334 1021 2391 ocu-,podiam
1067 2334 1355 2391 dactylicam
1405 2331 1518 2391 (non
1574 2329 1886 2388 trochaicam)
1934 2332 2118 2389 qualem

210 2407 315 2449 olim
356 2404 503 2454 edidi;
551 2417 662 2447 nam
703 2401 1017 2448 ‘monstrum'
1071 2416 1173 2449 esse
1225 2405 1351 2462 quod
1387 2404 1656 2462 Aeschylus
1695 2405 1870 2462 aliique
1911 2402 2118 2447 Graeco·

212 2489 317 2518 rum
348 2480 525 2532 poetae
554 2476 730 2533 trayici
753 2481 1117 2532 usurpauerunt
1143 2476 1255 2519 milti
1279 2488 1371 2519 non
1409 2475 1652 2532 persuasit
1690 2474 1742 2518 L.
1773 2472 1979 2518 Mueller
2004 2486 2117 2517 ann.

212 2546 393 2602 philoll.
427 2544 560 2590 1868
586 2559 634 2602 p.
664 2543 783 2589 434.
831 2546 1133 2603 Anapaeslos
1172 2551 1284 2589 ante
1323 2546 1450 2590 hunc
1490 2548 1583 2589 iam
1612 2544 1884 2602 Geppertus
1923 2544 1980 2587 cle
2006 2557 2119 2600 pro-

211 2621 344 2659 nunt.
387 2628 527 2660 serm.
567 2615 672 2659 Lat.
715 2615 812 2660 115
855 2617 1294 2671 commendauerat,
1347 2629 1464 2674 quos
1502 2618 1585 2674 qui
1617 2614 1895 2672 praeferet,
1941 2614 2117 2669 proba-

210 2687 377 2731 biliore
417 2700 557 2744 quam
597 2687 667 2730 illi
710 2688 888 2743 poterit
935 2688 1140 2731 remedio
1181 2687 1380 2744 elicere7
1431 2688 1472 2730 si
1519 2687 1772 2742 scripserit
1820 2698 1845 2728 o
1885 2682 2119 2743 dirumque

207 2770 245 2800 e.
278 2772 320 2815 q.
352 2770 388 2801 s.
495 2770 520 2800 o
561 2755 728 2813 dirum,
769 2769 1021 2814 suprascr.
1065 2770 1116 2813 o,
1157 2756 1355 2801 Leicl.'o
1398 2756 1574 2800 diorum
1602 2754 1771 2800 Bamb.
1814 2753 2018 2799 odiorum
2058 2753 2121 2799 W

208 2828 413 2871 odiosum
455 2827 619 2871 Delrio
660 2843 685 2870 υ
726 2826 930 2871 odiosum
962 2827 1233 2885 Gepperlus
1341 2824 1725 2885 maestificumque
1764 2824 1816 2869 L.
1845 2824 2050 2870 Mueller

205 2897 358 2941 ouium
399 2895 571 2941 turbam
598 2897 727 2942 Leicl.
755 2897 924 2943 Bamb.
1034 2899 1108 2943 An
1147 2901 1196 2943 in
1237 2898 1479 2942 trochaeis
1516 2910 1740 2942 mensura
1782 2893 2012 2940 horibilem
2051 2899 2115 2938 to-

205 2968 444 3011 leranda?
483 2967 549 3024 cf.
580 2967 676 3013 501
790 2967 853 3014 81
895 2968 972 3013 sed
1010 2969 1140 3025 libri,
1185 2970 1311 3028 quocl
1346 2967 1608 3026 defendunt
1638 2967 1910 3025 Gepperlus
1933 2967 1964 3010 l.
1990 2967 2020 3010 l.
2050 2963 2116 3010 94

207 3044 251 3082 el
280 3037 360 3082 CF
371 3038 431 3081 W
452 3037 656 3082 Mueller
678 3040 874 3094 prosod.
901 3039 1061 3084 Plaut.
1094 3038 1193 3085 288
1234 3039 1297 3083 sei
1322 3039 1663 3083 Lac-lemannus
1698 3041 1745 3082 in
1774 3037 1919 3082 Lucr.
1945 3035 1976 3080 I
1989 3036 2024 3081 V
2049 3034 2112 3080 81

206 3121 254 3152 se
281 3108 625 3152 Buechelerus.
664 3109 733 3152 Αη
773 3110 837 3153 sic
874 3112 921 3154 in
960 3112 1058 3167 fine
1098 3111 1424 3154 antecedentis
1462 3122 1633 3154 uersas
1665 3107 1796 3166 fuit?
1915 3105 2117 3166 angusti-

209 3185 341 3221 tatem
381 3177 596 3222 inclusam
636 3192 685 3222 ac
722 3179 836 3222 saxis
874 3181 987 3224 libri
1094 3179 1158 3225 82
1199 3193 1367 3239 paruus
1409 3180 1616 3237 Vossius⁷
1645 3179 1863 3224 Bothius.
1905 3176 1976 3220 An
2006 3187 2115 3233 pue·

205 3248 312 3292 ros?
421 3250 613 3307 patrium
642 3248 843 3293 Botkius
880 3256 1055 3309 patrum
1081 3252 1195 3295 libri
1217 3257 1341 3309 parat
1382 3250 1571 3295 Vossius
1680 3245 1886 3292 hostifico
1916 3246 2118 3291 Bolhius

347 3318 411 3364 83
453 3319 636 3363 miscere
674 3319 985 3365 Passeratius
1024 3321 1195 3365 hiscere
1234 3321 1346 3365 libri
1486 3332 1615 3363 suum
1657 3319 1848 3363 Vossius
1884 3315 1978 3361 scio
2018 3316 2114 3361 Bo-

209 3389 333 3433 llu‘us
440 3388 506 3434 84
545 3396 620 3433 aut
647 3389 821 3434 Aldina
921 3388 1175 3435 obstinatod
1214 3393 1262 3435 in
1302 3391 1549 3448 traqoedia
1588 3390 1730 3432 etiam
1768 3393 1863 3432 tum
1902 3387 2112 3431 auditum

208 3472 310 3503 esse
349 3465 521 3504 statuo.
562 3458 787 3504 obstinato
829 3461 930 3504 cod.
990 3460 1104 3504 Olim
1153 3474 1239 3521 ego
1291 3461 1467 3504 addidi.
1640 3457 1706 3503 85
1745 3457 1936 3502 lambos
1984 3470 2114 3502 nunc

208 3532 398 3586 notaui,
439 3532 544 3574 olim
584 3531 864 3588 trochaeos7
906 3544 1011 3575 cum
1051 3530 1158 3575 mala
1197 3546 1289 3589 pro
1316 3529 1638 3589 monosyllabo
1664 3529 1907 3573 haberem.
2000 3525 2111 3570 mala

205 3599 315 3643 libri
420 3613 473 3643 an
513 3599 622 3644 mala
657 3599 662 3656 l
697 3602 841 3645 actz'stc
881 3603 1020 3645 mauis
1062 3601 1210 3646 CFW
1237 3602 1444 3646 Mueller
1470 3603 1499 3644 l.
1524 3602 1557 3644 I.
1589 3597 1715 3654 384,
1754 3601 1860 3643 ilem
1902 3601 1944 3643 si
1980 3602 2111 3642 recle
