2294 3844
211 183 279 234 26
1014 184 1066 232 Q.
1101 183 1320 225 ENNIVS

510 311 686 366 Tectis
727 314 942 365 caelatis
982 314 1229 381 lacuatiS,

255 412 323 463 85
511 410 658 462 Auro
701 411 857 462 ebore
897 411 1213 462 instructam
1253 412 1478 480 regifice.

507 506 651 558 Haec
695 507 874 558 omnia
913 507 1052 558 uidei
1092 507 1465 575 illfialnlnarei,

508 602 720 654 Priamo
762 604 815 654 ui
855 604 1023 654 uitam
1065 602 1310 671 eustarei,

505 698 649 751 Iouis
691 700 837 751 aram
879 700 1139 768 sanguine
1179 692 1429 768 turparei.

940 795 989 847 X
1032 793 1257 865 (Hecub.
1289 795 1379 867 13)

361 890 441 941 Ex
482 891 672 959 opibus
714 893 931 944 summis
973 893 1087 961 (ipis
1130 911 1313 962 egens,
1352 894 1567 962 Hector,
1607 898 1728 946 time

1057 988 1135 1040 XI
1176 987 1258 1060 (6)

246 1082 316 1131 90
357 1082 583 1144 Quantis
626 1103 745 1137 611111
786 1086 1052 1137 aerumnis
1092 1083 1247 1138 11111111
1287 1084 1569 1139 exanclatis
1606 1087 1764 1139 diem!

1049 1182 1155 1234 XII
1196 1180 1278 1252 (4)

356 1274 504 1343 Vidi,
544 1277 723 1329 uidere
765 1279 905 1346 quod
947 1298 1064 1331 sum
1103 1298 1262 1348 passa
1302 1280 1635 1349 aegerrume,

354 1371 640 1425 Hectorem
681 1393 836 1426 curru
878 1376 1194 1444 quadriiugo
1234 1377 1509 1445 raptarier,

356 1466 602 1521 Hectoris
643 1466 830 1524 natum
871 1472 934 1522 de
974 1491 1125 1524 muro
1166 1473 1426 1525 iactarier.

206 1633 257 1670 82
291 1631 345 1671 de
379 1645 473 1684 rep.
506 1633 526 1672 I
558 1635 627 1683 30)
660 1633 995 1676 ‘Andromacha
1027 1635 1289 1688 deplorare:
1330 1636 1469 1676 haec
1502 1636 1684 1676 omnia
1716 1637 1860 1688 uidi,
1903 1636 1982 1677 sed
2020 1637 2111 1676 iam

207 1687 569 1729 decanta-nerant
601 1690 833 1732 fortasse.’
893 1693 1007 1733 Non.
1042 1695 1143 1744 181,
1180 1695 1198 1732 1
1235 1693 1502 1745 ‘turpari,
1537 1706 1563 1732 a
1595 1693 1896 1744 turpitudine.
1947 1692 2109 1733 Cicero

205 1745 568 1786 Tusculanarum
608 1746 686 1790 lib.
720 1749 813 1790 1111
847 1746 933 1802 [88]
947 1753 972 1790 ².
1026 1749 1262 1799 Quaedam
1305 1762 1360 1789 ex
1397 1749 1484 1790 1106
1525 1749 1707 1790 cantico
1745 1749 1792 1788 in
1822 1748 1940 1789 Attii
1970 1750 2112 1802 Eury·

206 1813 311 1841 sace
345 1802 524 1854 agenda
557 1816 674 1845 anno
706 1806 787 1845 696
818 1806 1024 1859 Aesopus
1057 1820 1112 1847 ex
1133 1805 1451 1846 Andromacha
1483 1806 1619 1846 Ennii
1650 1805 1908 1856 transtulit,
1942 1820 1980 1847 e.
2014 1820 2053 1846 6.
2087 1820 2112 1846 0

207 1865 367 1909 pater
399 1861 445 1898 et
474 1872 517 1898 u.
542 1862 617 1901 86:
651 1862 717 1902 sic
748 1863 864 1902 enim
898 1862 1132 1903 Ciceronis
1163 1876 1242 1914 pro
1267 1863 1417 1904 Sestio
1449 1864 1517 1913 57,
1543 1864 1619 1902 121
1643 1863 1955 1902 narrationem
1977 1863 2113 1902 inter-

205 1914 473 1965 pretandam
507 1929 607 1956 esse
640 1918 950 1960 demonstraui
980 1921 1028 1959 in
1061 1923 1235 1972 quaest.
1270 1933 1391 1960 scen.
1423 1921 1505 1960 328
1539 1932 1604 1971 sq.
1649 1919 1775 1960 Idem
1808 1932 1991 1960 carmen
2022 1919 2110 1959 Ta-

207 1971 345 2010 citum
380 1971 532 2015 annal.
561 1973 674 2014 XIII
697 1978 747 2016 15
777 1975 1050 2029 intellegere
1084 1976 1410 2016 animaduertit
1431 1975 1667 2016 Columna.
1710 1975 1891 2015 Adlusit
1921 1975 2114 2016 Plautus

204 2027 373 2067 Bacch.
398 2030 478 2069 933
511 2033 647 2070 (1111116
678 2030 766 2072 huc
796 2032 918 2084 prius
951 2046 1084 2085 quam
1118 2045 1256 2073 senex
1286 2034 1437 2083 uenit,
1469 2032 1597 2073 lubet
1626 2032 1868 2073 lamentari
1901 2031 2005 2072 dum
2037 2045 2113 2072 ex-

209 2088 298 2125 eat.
333 2083 370 2123 O
403 2085 594 2136 Troia,
637 2101 661 2127 ο
693 2090 903 2141 patria,
945 2103 969 2130 0
1009 2090 1358 2141 Pergamum:
1400 2103 1424 2129 0
1462 2089 1691 2129 Perame
1733 2088 1816 2141 (sic
1844 2088 2111 2130 Fleckeise-

207 2153 305 2190 nus‚
338 2142 559 2182 Priame
591 2143 716 2196 libri)
749 2146 979 2197 periisti
1012 2149 1204 2188 senex’
1239 2144 1319 2195 (cf.
1345 2150 1520 2198 quaest.
1543 2158 1666 2186 scen.
1688 2145 1800 2195 353.)
1879 2146 1920 2184 X
1952 2145 2112 2186 Cicero

206 2197 341 2239 Tusc.
382 2198 495 2251 disp.
528 2200 598 2239 III
632 2202 703 2252 19,
734 2204 789 2242 44
829 2203 906 2250 (cf.
941 2201 1024 2254 IX)
1141 2202 1205 2242 XI
1244 2203 1358 2243 Non.
1398 2205 1502 2251 292,
1543 2204 1568 2243 8
1609 2201 1937 2242 ‘exanclare
1977 2203 2112 2242 etiam

206 2253 436 2305 significat
475 2257 669 2308 perpeti.
730 2260 904 2299 Ennius
942 2259 1323 2300 Andromache
1366 2259 1505 2299 malo
1545 2258 1874 2311 torquentis
1905 2261 2030 2298 cum’
2072 2271 2109 2301 e.

209 2323 246 2361 q.
281 2323 315 2349 s.
368 2310 714 2364 (torquantis
748 2315 917 2355 Geneu.
951 2315 1334 2356 Andromache
1375 2315 1631 2355 molotto:
1675 2315 1901 2367 quantis
1942 2314 2111 2354 Merce-

207 2380 281 2405 rus
314 2367 469 2409 Andr.
503 2369 949 2412 aeehmalotide:
983 2372 1211 2424 quantis
1242 2370 1453 2422 Rothius)
1541 2372 1629 2411 XII
1653 2371 1810 2411 Cicero
1834 2371 1968 2411 Tusa.
1997 2371 2110 2423 disp.

208 2422 228 2460 I
259 2424 328 2470 44,
365 2425 443 2463 105
477 2425 649 2464 ‘trahit
680 2428 928 2468 Hectorem
961 2458 968 2466 .
997 2459 1005 2467 .
1033 2460 1041 2469 .
1070 2427 1270 2468 Achilles
1301 2459 1309 2467 .
1336 2459 1345 2469 .
1372 2459 1380 2468 .
1409 2429 1469 2467 At
1500 2427 1582 2468 illa
1626 2428 1746 2467 sicut
1776 2426 2110 2468 acerbissimam

207 2492 299 2518 rem
332 2485 526 2520 maeret:
572 2478 658 2534 [91.
693 2482 765 2536 92]
808 2497 938 2536 quem
970 2485 1248 2525 Hectorem?
1287 2488 1365 2524 aut
1397 2498 1531 2537 quam
1569 2484 1646 2524 diu
1683 2484 1762 2524 ille
1793 2484 1879 2524 erit
1909 2484 2111 2524 Hectori>

207 2535 371 2575 Melius
410 2536 576 2578 Accius
613 2569 622 2578 .
659 2570 667 2579 .
702 2542 737 2580 .'
778 2542 922 2581 Varro
964 2541 1019 2581 de
1058 2541 1086 2582 l.
1118 2543 1170 2582 L.
1203 2542 1244 2581 X
1277 2543 1329 2582 70
1360 2541 1419 2580 M.
1473 2545 1590 2581 ‘non
1628 2540 1759 2581 modo
1800 2543 1990 2593 poetae,
2032 2539 2112 2581 sed

209 2591 344 2631 etiam
377 2592 581 2646 plerique
613 2607 666 2634 ac
697 2597 839 2649 primo
861 2599 1026 2647 01111ιί3,
1061 2600 1137 2650 qui
1168 2597 1318 2638 soluta
1350 2598 1556 2639 oratione
1577 2597 1845 2650 loquuntur,
1879 2597 2110 2646 dicebant,

208 2651 258 2686 ut
291 2654 598 2699 quaestorem,
633 2657 909 2704 praetorem,
944 2654 1010 2694 sic
1041 2656 1311 2705 Hectorem,
1344 2655 1596 2695 Nestorem.
1643 2654 1810 2705 Itaque
1841 2653 2017 2694 Ennius
2048 2654 2113 2694 ait

213 2702 335 2755 [93].’
370 2706 419 2744 V.
455 2708 506 2745 92
550 2709 884 2749 obuersabatur
922 2711 1127 2763 Vergilio
1170 2712 1280 2751 Aen.
1319 2712 1338 2750 I
1375 2712 1471 2752 483.
1521 2712 1774 2762 Vtrumque
1813 2710 1963 2750 locum
2006 2723 2111 2750 6011-

208 2761 773 2859 iunctuiinlandromachae
806 2767 967 2807 tribuit
998 2767 1217 2820 Scaliger.
1261 2769 1331 2807 Ex
1361 2767 1449 2807 hac
1479 2766 1638 2808 fabula
1659 2769 1815 2808 nescio
1847 2780 1906 2807 an
1938 2767 1998 2807 sit
2026 2767 2111 2806 inc.

208 2830 323 2858 nom.
474 2850 481 2858 .

351 2980 416 3026 84
456 2983 608 3027 celatis
648 2986 763 3045 Ress.
806 2988 924 3032 Gucl.
971 2988 1110 3033 Tzcsc.
1152 2988 1323 3034 IJI19
1435 2989 1619 3033 lacuatis
1660 2988 1859 3034 Seruius
1896 2988 2111 3047 laqueatis

212 3051 454 3096 Ciceronis
490 3054 601 3098 libri
742 3057 807 3101 85
849 3059 1113 3102 instructum
1166 3059 1325 3104 Vrsini
1360 3073 1443 3105 ms.
1560 3058 1786 3118 regificem
1827 3058 1944 3118 Req.
1984 3059 2106 3103 Pilh.

211 3122 329 3166 Gusl.
370 3123 530 3168 Brux.
566 3139 621 3168 m.
655 3125 679 3168 1
791 3127 855 3172 ³3ss
898 3128 1010 3172 uidei
1064 3129 1304 3175 Vahlenus
1344 3129 1464 3174 uidet
1502 3129 1694 3174 Abrinc.
1739 3129 1841 3173 Erl.
1880 3129 1906 3173 b
1943 3130 2001 3173 cle
2039 3144 2110 3174 or.

212 3193 293 3237 III
331 3192 394 3239 58
438 3193 569 3249 (leste
611 3193 799 3255 Orellib)
844 3198 932 3242 uidi
972 3203 1122 3244 celeri
1262 3200 1522 3243 inflammari
1560 3200 1673 3244 libri
1815 3199 1879 3244 87
1933 3199 1974 3242 1ιί
2023 3214 2109 3243 om.

212 3263 317 3307 Erl.
358 3264 382 3307 b
421 3265 528 3309 ibid.
641 3267 825 3311 euitarci
867 3268 1106 3314 Vicbletzus
1143 3271 1334 3315 euitaret
1362 3271 1556 3315 Abrinc.
1599 3270 1701 3313 Erl.
1741 3269 1767 3313 b
1805 3269 1910 3314 ibid.
1951 3269 2110 3315 euitari

211 3336 361 3377 celeri
490 3335 554 3381 88
595 3338 857 3396 sanguinem
898 3340 1015 3383 Gml.
1046 3340 1163 3399 Rey.
1192 3356 1247 3385 m.
1280 3342 1302 3384 1
1339 3341 1480 3385 Tusc.
1512 3339 1594 3384 III
1624 3338 1684 3384 19
1795 3340 1964 3398 turpari
2001 3339 2112 3384 libri

354 3404 414 3449 91
458 3405 578 3464 quod
616 3421 712 3451 sum
749 3422 873 3467 passa
918 3410 1046 3457 Vinci,
1076 3426 1104 3454 a
1132 3411 1313 3467 Duisb.,
1341 3411 1571 3455 Dauisius
1597 3409 1717 3469 quod
1755 3423 1824 3453 me
1862 3422 1989 3468 passa
2028 3423 2108 3466 op-

214 3476 308 3517 timi
342 3476 453 3519 libri
558 3476 622 3522 92
662 3491 793 3523 curro
834 3480 950 3539 Res).
983 3481 1099 3527 διαί.
1212 3480 1276 3526 93
1317 3480 1370 3524 «le
1409 3480 1600 3524 Troiano
1640 3493 1768 3523 muro
1805 3480 1930 3524 libri.
1978 3479 2108 3524 Glos-

214 3556 342 3591 sema
383 3548 518 3591 eiecit
558 3547 777 3608 Scaliqer
886 3550 1086 3594 iactarier
1125 3550 1345 3611 Scaliger
1382 3550 1530 3594 iactari
1569 3551 1681 3594 libri
