2299 3803
180 172 283 225 234
593 175 992 217 menu'rossvm
1028 174 1356 216 POETARVM
1387 174 1668 217 FABVLAE

867 303 1012 356 PEN
1018 303 1164 357 THE
1171 303 1384 357 SILEA

1095 399 1175 453 VI

327 488 368 540 F
374 489 710 542 ormidabant
753 491 1002 542 obiurare

803 606 1043 669 EQVVS
1085 606 1454 660 TROIANVS

798 703 904 755 VII
945 701 1084 772 (Liu.
1124 703 1222 774 Eq.
1265 705 1350 758 Tr.
1391 701 1449 774 2)

608 818 723 852 sero
766 799 982 868 sapiunt
1019 799 1273 870 Phryges,

1067 896 1202 949 VIII

329 968 389 1023 Si
427 969 597 1022 sciens
638 970 767 1023 fallo

709 1086 995 1142 CHORVS
1035 1088 1541 1142 PROSERPINAE

329 1185 501 1237 inlieis

175 1307 224 1342 ut
256 1304 301 1342 in
335 1303 533 1355 Odyssia
565 1306 747 1351 uetere,
782 1303 901 1356 quod
934 1309 1003 1344 est
1036 1304 1404 1357 antiquissimum
1437 1317 1644 1345 carmen:
1678 1316 1776 1344 mea
1807 1316 1940 1356 puer,
1973 1302 2081 1356 quid

177 1360 305 1399 uerbi
339 1372 392 1399 ex
426 1364 503 1399 tuo
534 1372 610 1400 ore
637 1360 801 1400 audio?
834 1361 957 1400 etin
987 1360 1149 1401 Nelei
1181 1361 1429 1401 carmine
1464 1372 1638 1413 eaque
1670 1361 1852 1412 prisco
1884 1361 2081 1400 saucia

174 1428 307 1467 puer
341 1416 473 1456 filia
506 1429 731 1466 sumam,
764 1416 843 1456 ubi
875 1421 1028 1457 tamen
1052 1417 1191 1457 Varro
1225 1431 1324 1458 cum
1345 1418 1382 1458 A
1414 1430 1592 1470 puera
1624 1421 1756 1470 putat
1778 1416 1968 1466 dictum,
2002 1416 2083 1457 sed

175 1471 332 1511 Aelius
365 1471 501 1521 Stilo,
545 1473 766 1524 magister
806 1473 924 1522 eius,
967 1476 1013 1512 et
1042 1473 1227 1514 Asinius
1260 1477 1453 1515 contra.’
1500 1473 1683 1531 (nelei
1713 1473 1858 1525 Neap.
1889 1474 2083 1513 Mene·

174 1528 251 1568 lai
291 1528 498 1568 Merulae
539 1533 703 1569 ‘uetus
744 1530 862 1573 cod,'
904 1530 951 1569 in
990 1530 1106 1570 Enn.
1142 1543 1186 1582 p.
1219 1533 1272 1571 53
1391 1531 1633 1572 carmine
1672 1542 1850 1582 eaque
1891 1530 2081 1582 prisco

180 1584 280 1626 cod.
314 1586 560 1625 carmine
593 1598 761 1637 eoque
795 1587 980 1638 prisco
1013 1585 1278 1637 Putschius,
1313 1587 1527 1639 probauit
1557 1587 1844 1626 Hermannus
1866 1585 2008 1627 Elem.
2040 1586 2081 1626 d.

174 1654 230 1679 m.
268 1654 307 1692 p.
348 1642 443 1681 639.
506 1643 750 1682 carmine
785 1655 846 1682 eo
884 1654 1099 1695 quoque
1141 1643 1329 1696 prisco
1362 1655 1445 1694 ego
1478 1644 1778 1684 conieceram.
1819 1655 1857 1683 c.
1903 1655 2080 1695 aeque

175 1697 358 1749 prisco
389 1698 446 1737 H.
473 1698 648 1738 Keilius
681 1702 831 1751 recte,
864 1705 914 1738 ut
944 1696 1060 1751 uid.)

291 1755 629 1794 PENTnEsmEA
688 1755 853 1794 Festus
886 1768 926 1806 p.
964 1757 1041 1796 189
1074 1755 1131 1794 Μ.
1175 1756 1464 1796 ‘obiurare
1506 1754 1617 1809 [iure
1657 1755 1845 1796 iurando
1885 1756 2080 1796 obstrin-

179 1822 308 1859 gere,
358 1814 410 1849 ut
448 1815 517 1850 est
554 1808 620 1862 in]
664 1811 980 1851 Penthesilea:
1023 1812 1051 1851 f.
1088 1815 1149 1852 0.'
1210 1812 1288 1863 (cf.
1331 1813 1556 1865 Bergkius
1594 1812 1782 1864 Ephem.
1824 1811 1931 1852 Hal.
1974 1813 2081 1852 1842

182 1880 225 1918 p.
263 1864 362 1917 219)
394 1865 461 1905 Ad
493 1867 685 1907 Ennium
719 1867 860 1907 refert
889 1867 1006 1907 idem
1038 1867 1138 1910 Ind.
1171 1867 1278 1911 leet.
1309 1869 1456 1909 Marb.
1491 1873 1606 1909 aest.
1642 1865 1749 1909 1844
1779 1882 1820 1921 p.
1851 1868 1958 1909 XVI

291 1923 452 1968 Evis
485 1923 744 1966 Tuomxvs.
803 1924 1016 1964 Dubitari
1048 1928 1201 1977 potest
1232 1937 1335 1964 num
1370 1925 1524 1965 eadem
1550 1925 1708 1965 fabula
1738 1924 1878 1965 fuerit
1898 1937 1953 1964 ac
1976 1925 2101 1964 Dei-¹

180 1977 368 2030 phobus
398 1979 527 2021 Attii.
578 1979 745 2020 Festus
776 1994 819 2033 p.
850 1982 932 2021 343
963 1980 1023 2023 Μ.
1064 1985 1211 2021 ‘sero
1250 1982 1479 2034 sapiunt
1514 1982 1763 2035 Phryges
1795 1981 2083 2034 prouerbium

177 2042 246 2073 est
277 2039 434 2074 natum
466 2048 492 2074 a
526 2036 760 2087 Troianis,
796 2037 872 2089 qui
904 2037 1079 2077 decimo
1113 2037 1310 2090 denique
1345 2051 1465 2077 anno
1497 2037 1618 2078 uelle
1661 2042 1909 2090 coeperant
1939 2037 2081 2077 Hele-

174 2103 277 2129 nam
317 2104 524 2144 quaeque
565 2105 664 2132 cum
708 2106 761 2133 ea
800 2098 933 2133 erant
977 2097 1110 2146 rapta
1159 2094 1346 2134 reddere
1385 2094 1612 2136 Achiuis.’
1673 2094 1835 2136 Cicero
1882 2093 1938 2134 ad
1969 2095 2081 2135 fam.

177 2147 345 2187 V1116
378 2148 451 2186 ‘in
483 2149 633 2199 Equo
666 2149 907 2190 Troiano
939 2150 1027 2189 scis
1059 2163 1159 2190 esse
1190 2150 1244 2190 in
1278 2154 1548 2190 extremo:
1582 2163 1706 2191 sero
1738 2149 2008 2202 sapiunt.’

178 2202 286 2243 VIlI
320 2203 479 2244 Cicero
510 2204 567 2243 ad
600 2205 704 2245 fam.
737 2206 823 2246 VII
856 2208 904 2256 l,
937 2209 961 2245 2
995 2207 1224 2257 ‘omnino,
1265 2208 1303 2246 si
1344 2207 1548 2259 quam-iffi
1591 2206 1712 2247 ludi’
1746 2204 1806 2258 (a.
1839 2207 1939 2258 699)
1975 2206 2081 2246 ‘ad-

175 2260 478 2310 paratissimi‚
511 2260 593 2300 sed
624 2275 714 2302 non
746 2262 814 2302 tui
845 2262 1092 2313 stomachi3
1127 2264 1432 2304 coniecturam
1457 2264 1576 2303 enim
1599 2263 1722 2304 facio
1746 2263 1798 2303 de
1822 2275 1935 2304 meo.
1977 2276 2078 2302 nam

174 2316 362 2366 primum
395 2316 580 2357 honoris
613 2331 752 2358 causa
783 2319 828 2358 in
861 2331 1076 2359 scaenam
1109 2319 1342 2360 redierant
1375 2320 1440 2369 ei,
1474 2332 1583 2372 quos
1616 2333 1701 2372 ego
1723 2319 1909 2359 honoris
1940 2331 2079 2359 causa

176 2371 230 2410 de
271 2384 445 2412 scaena
483 2372 671 2414 decesse
712 2375 987 2415 arbitrabar.
1050 2375 1244 2415 deliciae
1285 2389 1394 2416 uero
1435 2380 1564 2425 tuae,
1604 2380 1762 2416 noster
1801 2375 2078 2428 Aesopus,

175 2428 394 2468 eiusmodi
426 2429 533 2480 fuit,
567 2435 616 2469 ut
649 2431 691 2470 ei
723 2431 933 2471 desinere
965 2445 1045 2483 per
1068 2433 1212 2473 omnis
1234 2432 1436 2472 homines
1458 2432 1634 2472 liceret.
1688 2434 1726 2472 is
1756 2431 1946 2472 iurare
1980 2444 2079 2472 cum

177 2485 423 2535 coepisset,
462 2497 549 2524 uox
589 2499 688 2526 eum
728 2487 904 2527 defecit
942 2488 987 2527 in
1026 2487 1106 2528 illo
1145 2488 1266 2528 loco:
1316 2488 1359 2527 si
1399 2489 1588 2529 sciens
1629 2487 1784 2528 fallo.
1845 2487 1954 2540 quid
1993 2489 2081 2529 tibi

178 2553 261 2591 ego
295 2540 389 2580 alia
419 2545 629 2582 narrem?
670 2544 791 2583 nosti
831 2544 950 2583 enim
990 2544 1190 2596 reliquos
1223 2543 1372 2594 ludos,
1421 2545 1493 2596 qui
1526 2557 1582 2584 ne
1619 2543 1666 2583 id
1699 2543 1880 2597 quidem
1910 2543 2080 2596 leporis

175 2596 454 2646 habuerunt,
489 2597 605 2649 quod
637 2598 787 2639 solent
818 2600 1072 2640 mediocres
1104 2599 1218 2640 ludi:
1253 2600 1504 2652 adparatus
1537 2600 1655 2640 enim
1688 2600 1916 2653 spectatio
1948 2599 2080 2641 tolle·

175 2653 256 2691 bat
287 2665 461 2692 omnem
492 2653 798 2705 hilaritatem,
841 2668 926 2708 quo
967 2656 1144 2707 quidem
1187 2656 1414 2709 adparatu
1452 2669 1541 2696 non
1581 2656 1737 2697 dubito
1778 2657 1886 2708 quin
1927 2656 2078 2697 animo

177 2709 454 2758 aequissimo
495 2712 709 2751 carueris.
773 2712 879 2764 quid
921 2714 1038 2753 enim
1081 2712 1403 2752 delectationis
1443 2713 1612 2753 habent
1650 2713 1901 2753 sescenti
1946 2713 2078 2753 muli

175 2765 225 2803 in
259 2763 735 2816 Clytaemestra‘3’
769 2770 854 2819 (sie
878 2767 998 2819 cod.)
1033 2769 1217 2808 ‘autin
1248 2769 1396 2819 Equo
1429 2769 1673 2809 Troiano
1707 2773 2076 2810 creterrarum

177 2822 285 2861 tria
317 2821 502 2861 milia?
536 2828 616 2863 aut
639 2828 871 2865 armatura
892 2826 1024 2864 uaria
1047 2824 1278 2877 peditatus
1302 2829 1347 2864 et
1371 2825 1601 2876 equitatus
1622 2825 1669 2865 in
1694 2825 1850 2877 aliqua
1873 2838 2026 2878 pugna
2038 2827 2078 2865 ‘2’

289 2876 476 2919 Cnonvs
501 2879 828 2921 Paosnnmxis
854 2881 997 2922 Varro
1022 2881 1076 2921 de
1101 2881 1129 2925 l.
1157 2881 1207 2925 L.
1230 2882 1293 2922 VI
1315 2883 1369 2922 94
1401 2885 1515 2922 ‘non
1548 2886 1618 2922 est
1641 2882 1823 2923 dubium
1848 2882 1956 2934 quin
1987 2881 2073 2922 hoc

176 3027 338 3071 codice
377 3029 677 3073 antecedunt.
767 3044 880 3089 puer
907 3031 1033 3083 eod„
1062 3031 1228 3076 Aelius
1255 3029 1371 3076 Stilo
1411 3036 1455 3075 et
1480 3030 1674 3075 Asinius
1712 3030 1780 3089 cf.
1808 3030 2074 3076 Lachman-

175 3110 265 3141 nus
287 3099 333 3141 in
355 3097 497 3142 Lucr.
515 3097 571 3143 II
588 3098 685 3143 991
713 3113 860 3161 ρυοηι1
881 3100 1050 3158 Varro,
1078 3101 1433 3145 Lindemannus
1516 3100 1742 3144 Summani
1764 3101 2076 3146 Hermannus

173 3169 205 3211 l.
232 3169 263 3211 l.
292 3166 515 3212 Salmonei
547 3168 596 3212 Ο.
622 3169 888 3214 Muellerus
914 3173 961 3215 in
982 3172 1175 3216 Festum
1197 3185 1246 3229 p.
1268 3170 1368 3216 388
1465 3176 1614 3215 saneta
1642 3183 1754 3229 puer
1779 3169 1959 3215 Saturni
1987 3168 2074 3215 filia

175 3238 330 3297 regina
357 3238 482 3282 Liuii
504 3239 768 3284 Andronici
793 3240 1070 3286 Saturnium
1098 3253 1362 3300 agnoscere
1387 3241 1478 3286 sibi
1501 3243 1632 3286 uisus
1659 3247 1728 3285 est
1753 3241 2072 3297 Duentzerus,

175 3308 232 3350 (Ie
259 3322 349 3366 quo
377 3309 482 3353 (Iioei
517 3312 564 3353 in
604 3311 783 3354 unnall.
806 3311 992 3367 plziloll.
1021 3311 1162 3356 LXX
1176 3309 1273 3356 VII
1286 3325 1339 3368 p.
1369 3309 1486 3355 211.
1597 3309 1699 3355 Nec
1737 3323 1959 3355 numeros
1987 3324 2075 3356 nec

179 3378 327 3422 uerba
351 3385 547 3437 tanyere
569 3381 738 3435 auden,
768 3383 853 3425 sed
877 3382 1066 3425 uidetur
1090 3387 1242 3425 sancta
1269 3394 1312 3439 p.
1343 3379 1374 3428 f.
1404 3379 1583 3424 Saturni
1609 3393 1776 3425 uerum
1803 3393 1924 3437 esse,
1952 3381 2079 3439 quod

174 3448 339 3492 iambis
365 3451 433 3492 sie
455 3448 593 3506 fere.-
619 3456 767 3495 saneta
795 3449 909 3506 filia,
945 3446 952 3511 Ι
986 3449 1100 3495 Puer
1126 3450 1306 3495 Saturni
1334 3450 1709 3509 comprehendas
1817 3449 1847 3497 8
1877 3449 1978 3495 sero
2005 3464 2075 3494 sa-

175 3518 304 3576 piunt
334 3517 452 3563 minc
480 3517 679 3578 Phryges
713 3527 898 3578 poetam
929 3522 1113 3567 dedisse
1142 3527 1260 3580 pulo
