2294 3844
243 253 341 303 112
1004 256 1063 295 Μ.
1096 253 1392 295 PAcvvlvs

1071 382 1152 433 III
1194 380 1314 451 (19)

386 477 549 546 Lapst
590 498 679 531 001·
721 499 869 547 cnr-a,
910 483 1163 530 aeriinnia
1205 484 1396 545 corpus
1439 477 1666 528 c6nficit.

1069 573 1164 626 ”IV
1210 572 1292 644 (4)

785 673 924 740 qnod
972 675 1024 722 te
1074 674 1219 721 aetas
1260 665 1406 740 {male
1452 669 1638 737 habet,
1691 669 1748 719 ni
1794 669 1955 720 etiam
2000 670 2143 722 hunc

385 670 580 723 Parum
633 675 713 723 est
723 716 735 741 ,

1300 765 1366 817 311
1406 766 1602 816 mala-m

384 864 634 916 Aetzitem
679 865 940 933 adiungas
982 864 1274 915 cruciatum
1314 860 1630 913 reticentia?

239 1026 250 1040 „
279 1019 305 1033 μ
1081 960 1129 1012 V
1171 956 1291 1030 (14)

237 1018 345 1143 ἔὸἓ
385 1055 568 1108 Patior
609 1057 764 1108 facile
806 1057 1078 1125 iniuriam,
1119 1056 1163 1107 si
1204 1059 1285 1107 est
1323 1055 1493 1105 1130113
1533 1072 1564 1104 a
1605 1054 1941 1105 contumelia.

237 1132 303 1249 g„
1065 1151 1146 1204 VI
1187 1149 1307 1222 (24)

236 1212 342 1336 {g}
382 1247 558 1318 Mane,
583 1249 862 1317 expedibo:
902 1249 987 1300 fac
1012 1251 1071 1299 tu
1097 1251 1285 1300 contra
1310 1245 1447 1298 mihi
1473 1246 1614 1314 quod
1638 1263 1770 1315 rogo
1796 1247 2135 1315 1*esp6ndeag‚

1051 1343 1158 1397 VII
1199 1342 1319 1415 (26)

384 1440 578 1507 Gnate,
620 1442 859 1493 ordinem
901 1459 1135 1510 omnem,
1174 1444 1235 1492 ut
1275 1440 1500 1508 dederit,
1541 1439 1712 1491 6110113
1752 1440 1906 1507 patri.

1051 1537 1186 1590 VIII
1227 1535 1310 1607 (8)

388 1632 767 1703 0011316111316,
809 1635 1005 1703 anime,
1045 1652 1107 1685 ex
1147 1635 1361 1702 pectore
1403 1633 1537 1685 aude
1578 1634 1823 1684 6116111616

352 1768 420 1807 III
451 1768 564 1808 Non.
588 1770 653 1812 23,
677 1769 702 1808 8
735 1767 906 1819 ‘lapit
939 1765 1168 1819 signifieat
1198 1766 1492 1806 obdurefacit
1525 1770 1571 1806 et
1601 1765 1804 1818 lapidem
1838 1766 1986 1806 facit)
2078 1766 2139 1805 IV

237 1825 350 1863 Non.
387 1827 434 1875 1,
466 1827 517 1865 31
553 1828 823 1864 ‘aetatem
856 1823 1049 1862 malam
1082 1826 1365 1862 senectutem
1397 1827 1578 1862 ueteres
1611 1822 1822 1862 dixerunt
1851 1825 1970 1863 ....’
2009 1822 2139 1872 (Pa—

233 1882 424 1920 cubius
456 1879 636 1931 Bamb.)
774 1881 809 1919 V
841 1880 954 1919 Non.
989 1882 1093 1927 430,
1129 1881 1179 1919 15
1220 1879 1457 1919 <iniuria
1489 1892 1516 1918 a
1550 1878 1827 1918 contumelia
1858 1879 1942 1918 hoc
1975 1878 2136 1918 distat:

235 1937 403 1976 iniuria
437 1938 556 1976 enim
590 1937 736 1976 leuior
766 1949 839 1976 res
873 1939 976 1976 est)
1122 1936 1184 1975 VI
1214 1936 1328 1975 Non.
1361 1938 1459 1986 477,
1491 1938 1516 1975 2
1551 1934 1857 1987 ‘expedibo
1890 1948 1970 1987 pro
2003 1947 2139 1986 expe·

236 1993 358 2032 diam
389 1997 478 2033 ...’
596 1994 683 2034 VII
715 1993 829 2033 Non.
866 1995 939 2043 15,
974 1994 1024 2032 17
1058 1991 1264 2031 ‘enoda
1298 1992 1530 2044 significat
1562 1993 1760 2044 explana
1790 1995 1911 2032 ....'
2027 1991 2139 2032 VIII

231 2049 345 2089 Non.
370 2051 473 2101 262,
499 2051 551 2090 27
586 2050 981 2089 ‘consternari
1013 2048 1244 2102 significat
1277 2048 1409 2092 deici.
1452 2048 1751 2089 Consternari
1782 2060 1958 2088 rursum
1989 2047 2138 2100 erigi.’

374 2212 562 2259 aegrore
601 2199 942 2244 Luclimuimus
978 2201 1025 2243 2‘72
1064 2199 1209 2243 Luer.
1251 2197 1314 2242 V]
1344 2197 1476 2243 1132
1518 2210 1673 2242 errore
1710 2197 1846 2255 libri,
1886 2199 1981 2242 nisi
2015 2197 2143 2256 quod

233 2283 359 2314 error
396 2270 524 2314 Leicl.
673 2269 773 2315 276
814 2283 995 2314 erumna
1033 2270 1145 2314 libri
1289 2267 1387 2314 277
1429 2269 1513 2312 nisi
1552 2267 1722 2312 Bamb.
1834 2267 1904 2311 hic
1940 2268 2055 2312 libri

235 2339 334 2385 278
376 2340 608 2384 reticentia
646 2341 775 2385 Leicl.
814 2355 872 2384 m.
909 2354 1015 2397 pr.,
1066 2340 1327 2384 Gulielmus
1377 2339 1522 2383 Veris.
1559 2338 1592 2382 I
1624 2338 1685 2382 17
1736 2338 1941 2382 reticenti
1989 2340 2140 2382 celeri

231 2411 354 2454 libri.
407 2412 478 2454 An
516 2411 806 2455 reticentiae?
916 2409 1017 2455 280
1056 2423 1193 2454 uacua
1231 2408 1499 2454 contumelia
1527 2408 1729 2453 Bollu'us
1839 2406 2137 2461 Quadratum

232 2493 424 2525 uersum
463 2482 705 2538 discripsit
732 2481 934 2525 Bolleius
966 2479 1050 2537 (cf.
1080 2481 1130 2523 L.
1161 2479 1365 2524 Mueller
1390 2480 1447 2523 cle
1485 2491 1539 2522 re
1576 2493 1633 2523 m.
1664 2477 1792 2536 421,
1831 2491 1949 2523 mus.
1979 2478 2134 2523 Rhen.

232 2551 417 2596 XXIII
443 2550 586 2608 541),
615 2553 915 2595 senariorum
938 2550 1105 2608 frusta
1131 2553 1235 2607 ipse
1263 2551 1368 2594 olim
1479 2547 1576 2594 281
1607 2561 1675 2606 sq.
1723 2547 2061 2606 Obtemperuui
2082 2549 2134 2593 L.

233 2621 484 2677 Muellero,
513 2623 645 2679 quil.
672 2623 704 2666 l.
734 2621 982 2666 iambicum
1011 2622 1307 2664 octonarium
1335 2620 1580 2664 indicauit.
1634 2617 1701 2662 sac
1731 2625 1820 2662 tum
1849 2618 1955 2662 mihi
1980 2625 2136 2662 contra

231 2692 344 2735 libri
376 2693 596 2749 plerique
634 2691 700 2735 sac
735 2691 840 2734 mihi
876 2697 1031 2735 contra
1064 2690 1232 2735 Bumb.
1272 2695 1316 2734 et
1350 2690 1480 2733 Leicl.
1519 2690 1670 2746 ulter,
1711 2690 1838 2746 quod
1866 2688 2045 2745 probat
2081 2689 2135 2733 L.

234 2761 440 2806 Mueller
477 2761 543 2806 sac
583 2768 630 2805 tu
669 2761 776 2805 mihi
813 2767 967 2805 contra
1004 2762 1074 2805 ed.
1100 2763 1258 2818 princ.
1298 2759 1366 2804 sac
1403 2766 1448 2803 tu
1486 2758 1591 2803 mihi
1632 2758 1751 2817 quod
1788 2764 1942 2802 contra
1970 2759 2134 2804 Delrio

231 2845 280 2875 ac
307 2838 354 2875 tu
382 2832 488 2876 mihi
514 2838 669 2876 contra
698 2833 802 2877 olim
830 2833 1016 2876 conieci
1038 2832 1184 2876 uerbo
1211 2843 1325 2890 rogo
1354 2832 1596 2875 senarium
1626 2829 1868 2873 claudens.
1909 2828 2136 2874 Probalis

232 2903 324 2946 illis
352 2903 621 2948 trochaicos
648 2904 948 2960 septenarios
975 2915 1101 2945 mane
1127 2896 1369 2961 'Expedibo
1399 2913 1437 2944 e.
1468 2915 1510 2958 q.
1540 2913 1578 2944 s.
1631 2900 1870 2945 Vsenerus
1891 2898 2133 2957 praefert.

338 2971 437 3018 283
467 2980 600 3031 gnate
629 2973 883 3017 Mercerus
920 2979 1054 3032 gnato
1080 2973 1193 3017 libri
1282 2976 1331 3014 ut
1357 2969 1540 3016 dederat
1582 2970 1738 3015 Vrbin.
1768 2968 1868 3016 307
1899 2974 1946 3013 ut
1974 2975 2023 3013 ut
2049 2970 2134 3013 erit

234 3041 501 3086 Pulmerius
538 3043 759 3101 Spieiley.
809 3057 888 3100 up.
936 3043 1069 3087 Grul.
1106 3042 1189 3088 IV
1219 3041 1320 3088 806
1374 3047 1422 3084 ut
1469 3041 1646 3085 steterit
1680 3038 1906 3098 Muelilyo
1947 3040 2134 3096 placuit

234 3113 415 3157 omzall.
448 3111 794 3169 plziloll.'1857
820 3127 869 3170 p.
901 3112 998 3158 287
1112 3108 1472 3156 01111116031116111
1499 3111 1720 3154 miseriam
1747 3111 1825 3154 uel
1850 3110 1997 3154 simile
2022 3110 2136 3168 quid

233 3185 511 3240 suspicatur
536 3183 852 3241 Kiesslinyius
947 3181 1088 3227 enoda
1115 3182 1371 3227 Mercerus
1398 3179 1561 3225 enodat
1584 3180 1698 3225 libri
1802 3178 1902 3225 284
1929 3191 1997 3237 sq.
2027 3191 2134 3223 con-

233 3260 434 3297 sternare
461 3252 629 3296 animae
657 3265 707 3295 ex
736 3258 918 3311 pectore
945 3252 1025 3297 hac
1053 3260 1096 3296 et
1124 3252 1310 3296 uoluere
1336 3250 1572 3295 consilium
1600 3248 1720 3293 subit
1747 3261 1902 3293 omnes
1929 3247 2049 3307 quod
2078 3247 2132 3292 de

233 3331 333 3366 nata
361 3328 430 3367 est
457 3321 588 3367 modo
615 3323 736 3378 libri,
767 3335 891 3380 quae
918 3328 968 3366 ul
991 3325 1129 3378 potui
1154 3322 1409 3366 emendare
1437 3325 1638 3365 conatus
1674 3332 1801 3364 sum:
1840 3332 1886 3362 u.
1918 3317 2018 3363 285
2044 3318 2130 3362 du-

235 3393 324 3438 bito
345 3408 406 3436 un
434 3393 594 3437 mentis
617 3391 735 3451 quod
756 3397 954 3436 natumst
977 3391 1108 3436 inodo
1133 3389 1512 3449 praeferendum
1534 3391 1606 3434 sil.
1637 3394 1945 3433 consternatae
1967 3389 2131 3445 animo,

234 3469 544 3522 expectoratae
571 3463 679 3506 haec
707 3461 904 3506 uoluere.
945 3460 1188 3505 Consilium
1216 3459 1352 3504 subiit
1378 3472 1549 3513 omnes,
1577 3457 1697 3518 quod
1725 3464 1872 3502 natum
1901 3463 1970 3502 est
1997 3456 2129 3502 inodo

233 3532 422 3589 Lipsius
449 3533 601 3590 Epist.
632 3537 814 3591 quaest.
836 3531 925 3576 ΙΙΙ
941 3530 1002 3575 21
1031 3537 1360 3587 consternatae,
1388 3530 1579 3573 animum
1607 3534 1919 3587 expectoratae
1946 3527 2130 3572 uoluere

233 3600 475 3647 Consilium
511 3601 628 3647 subit
665 3615 819 3647 omnes
857 3614 880 3646 e
915 3614 963 3646 re
999 3607 1096 3645 nata
1135 3599 1268 3645 modo
1306 3600 1576 3644 Pulmerius
1611 3598 1833 3658 Spiciley.
1871 3612 1952 3656 ap.
1992 3597 2128 3643 Grul.
