2299 3803
227 137 329 189 266
629 139 710 181 Ex
740 139 1021 181 INCERTIS
1053 138 1451 180 1NCERTORVM
1479 135 1734 181 FABVLIS

377 357 492 410 Hoc
535 359 790 427 metuere,
830 359 1055 410 alterum
1095 355 1153 410 1'11
1193 360 1338 410 metu
1377 376 1489 410 non
1526 359 1739 427 ponere.

1039 452 1161 506 CXI
1203 452 1322 525 (24)

227 543 334 595 205
379 586 386 593 .
468 586 475 594 .
556 585 564 593 .
642 543 843 595 umbris
885 543 1198 595 occuluntur
1237 544 1516 612 parietum.

1022 640 1048 669 ³3<
1305 640 1332 670 a<

1164 678 1190 707 a<

371 735 520 788 Nihil
560 736 752 787 horum
793 736 1016 787 similest
1056 736 1196 804 apud
1237 735 1508 788 Lacaenas
1549 733 1814 805 uirgineS‚

371 831 572 892 Quibus
613 832 783 900 magis
823 833 1085 900 palaestra
1129 832 1335 885 Eurota
1377 834 1455 885 sol
1496 831 1674 901 puluis
1714 833 1865 885 labor

369 926 559 979 Militia
606 928 780 980 studio
823 931 903 980 est
944 930 1103 997 quam
1143 929 1391 981 fertilitas
1432 929 1675 981 barbara.

1094 1022 1245 1077 CXII

371 1112 445 1164 Vt
485 1114 684 1165 multus
726 1134 751 1165 e
793 1114 1085 1166 uisceribus
1129 1115 1347 1184 sanguis
1391 1117 1555 1168 exeat.

1084 1209 1263 1263 CXIII

221 1299 329 1350 210
369 1298 482 1350 Vos
524 1298 664 1351 enim
705 1299 925 1353 iuuenes
959 1300 1196 1353 animum
1237 1301 1422 1371 geritis
1463 1302 1800 1371 muliebrem,
1840 1302 1932 1354 illa
1972 1285 2123 1372 uirgo'

1549 1417 1666 1450 ulr1.

227 1516 312 1557 Sed
345 1518 558 1556 maiorem
593 1519 683 1557 uim
717 1518 949 1570 accipiunt
979 1530 1001 1557 e
1023 1517 1274 1557 mutatione
1304 1516 1500 1569 figurae,
1533 1519 1603 1555 ut:
1637 1529 1778 1568 usque
1811 1517 1984 1558 adeone
2017 1518 2129 1557 mori

222 1574 431 1613 miserum
468 1577 566 1613 est?
619 1575 768 1614 acrius
798 1574 885 1614 hoc
916 1574 1057 1623 enim,
1090 1586 1223 1626 quam
1254 1587 1335 1626 per
1367 1585 1437 1612 se:
1471 1586 1608 1613 mors
1640 1574 1843 1613 misera
1873 1587 1977 1614 non
2007 1577 2125 1614 est.’

222 1631 384 1669 (Deest
416 1629 541 1670 locus
573 1631 619 1669 in
652 1631 856 1672 A'nbros.
890 1635 934 1670 et
957 1630 1132 1680 Bamb.)
1179 1630 1443 1670 Lactantius
1477 1629 1570 1669 diu.
1595 1630 1701 1672 inst.
1725 1630 1867 1670 11117
1901 1635 2005 1670 ‘nec
2038 1631 2128 1670 fru-

222 1691 317 1725 stra
348 1685 516 1725 dictum
550 1692 642 1726 cst:
674 1700 714 1725 m
729 1691 844 1726 ors'
879 1701 917 1727 e.
952 1700 992 1738 q.
1025 1699 1058 1729 s.
1102 1686 1214 1726 ‘hoc
1247 1690 1338 1726 est:
1375 1686 1529 1726 morbo
1561 1685 1823 1736 tabescere,
1855 1688 1995 1726 ictum
2027 1700 2127 1739 per-

221 1743 338 1794 peti,
374 1742 541 1781 ferrum
575 1755 760 1795 corpore
795 1745 1028 1795 excipere,
1062 1743 1219 1782 ardere
1250 1743 1363 1795 igni,
1397 1742 1608 1783 dentibus
1639 1743 1889 1783 bestiarum
1922 1743 2125 1783 laniari.'

220 1798 408 1838 Publilii
440 1798 541 1850 Syri
571 1812 661 1838 non
695 1812 796 1839 esse
822 1799 1110 1840 XVoelfflinus
1134 1812 1311 1851 quoque
1343 1798 1556 1850 (Publilii
1578 1798 1680 1850 Syri
1711 1799 1985 1839 sententiae.
2025 1813 2127 1852 pro-

221 1855 339 1907 legg.
375 1868 414 1906 p.
447 1854 518 1906 45)
553 1856 706 1896 sentit.
815 1855 892 1895 CX
928 1856 1089 1895 Cicero
1122 1856 1178 1895 ad
1210 1855 1303 1898 Att.
1327 1855 1414 1895 XII
1439 1856 1489 1895 51
1524 1855 1608 1895 ‘de
1642 1855 1871 1896 Caerellia
1904 1855 2010 1908 quid
2041 1855 2128 1896 tibi

220 1911 424 1962 placeret
457 1911 564 1951 Tiro
596 1912 704 1951 mihi
736 1913 965 1952 narrauit:
999 1912 1167 1952 debere
1200 1925 1289 1952 non
1322 1924 1423 1951 esse
1448 1911 1691 1964 dignitatis
1719 1925 1868 1952 meae:
1903 1912 2127 1965 perscrip-

221 1968 387 2007 tionem
423 1968 507 2007 tibi
541 1968 745 2021 placere:
777 1968 876 2009 hoc
906 1972 1177 2009 metuere’
1212 1981 1250 2008 e.
1275 1982 1316 2020 q.
1341 1981 1375 2010 S.
1418 1968 1524 2007 ‘sed
1559 1972 1604 2007 et
1633 1968 1750 2009 haec
1785 1973 1830 2009 et
1860 1969 2003 2010 multa
2035 1968 2127 2009 alia

223 2026 408 2063 cora1u.’
451 2024 623 2064 Ibidem
646 2025 751 2066 XIV
774 2027 850 2071 21,
884 2028 908 2066 3
941 2025 1077 2064 ‘mihi
1111 2029 1257 2064 autern
1289 2037 1379 2064 non
1413 2028 1482 2064 est
1513 2024 1720 2073 dubium,
1754 2026 1862 2078 quin
1892 2037 1965 2065 res
1997 2038 2127 2078 spec-

219 2084 287 2120 tet
319 2080 375 2119 ad
409 2085 575 2120 castra.
630 2086 735 2121 acta
769 2082 888 2121 enim
919 2082 1002 2121 illa
1034 2094 1106 2121 res
1130 2083 1381 2121 est-animo
1405 2080 1550 2131 uirili,
1586 2081 1776 2122 consilio
1799 2082 1978 2134 puerili.
2025 2083 2127 2134 quis

221 2137 341 2175 enim
373 2137 458 2177 hoc
491 2150 579 2177 non
610 2138 754 2189 uidit,
795 2141 926 2191 regni
966 2138 1180 2178 heredem
1219 2138 1459 2178 relictum?
1514 2137 1620 2189 quid
1661 2143 1813 2178 autem
1852 2137 2125 2179 absurdius?

220 2193 321 2233 hoc
351 2198 631 2233 metuere'
667 2208 704 2234 e.
739 2207 778 2246 q.
813 2207 847 2237 s.
889 2194 1010 2235 Idem
1043 2195 1154 2247 Top.
1190 2196 1262 2241 13,
1295 2197 1348 2234 55
1381 2192 1504 2245 (uide
1539 2193 1679 2246 CVII)
1711 2196 1770 2239 cf,
1803 2194 2025 2235 Boethius
2046 2194 2074 2235 1.
2097 2194 2125 2235 l.

333 2248 434 2289 CXI
468 2250 628 2291 Cicero
661 2251 793 2290 Tusc.
831 2251 944 2304 disp.
968 2251 1013 2291 II
1037 2253 1109 2302 15,
1141 2253 1194 2291 36
1228 2252 1413 2303 ‘itaque
1446 2250 1534 2300 illi,
1568 2251 1647 2302 qui
1677 2250 1902 2291 Graeciae
1936 2251 2126 2291 formam

222 2319 367 2345 rerum
402 2306 684 2357 publicarum
717 2307 960 2356 dederunt,
1001 2320 1185 2360 corpora
1226 2307 1439 2347 iuuenum
1477 2306 1645 2347 firmari
1677 2307 1835 2348 labore
1865 2307 2123 2348 uoluerunt.

223 2362 353 2412 Quod
386 2362 649 2415 Spartiatae
684 2365 824 2403 etiam
857 2364 902 2402 in
935 2364 1130 2404 feminas
1170 2363 1526 2409 transtulerunt,
1569 2377 1684 2416 quae
1725 2364 1890 2404 ceteris
1927 2363 1975 2403 in
2005 2364 2126 2405 urbi-

223 2419 304 2457 bus
339 2419 604 2459 mollissimo
637 2419 759 2459 cultu
791 2420 1069 2471 parietum
1109 2421 1315 2461 umbris
1348 2419 1696 2460 occuluntur.
1756 2420 1831 2461 Illi
1863 2423 2014 2460 autem
2045 2433 2127 2460 uo-

223 2475 409 2514 luerunt
440 2475 585 2515 nihil
616 2476 803 2516 horum
838 2475 1021 2515 simile
1046 2489 1167 2516 esse
1201 2476 1342 2528 apud
1364 2475 1687 2515 Lacaenas’
1710 2489 1747 2516 e.
1771 2488 1813 2527 q.
1836 2489 1869 2516 S.
1903 2477 2125 2517 Versuum

219 2532 458 2571 206—208
491 2531 710 2572 indicium
743 2532 912 2583 primus
945 2533 1058 2572 fecit
1088 2532 1298 2584 Scaliger
1320 2531 1447 2571 Coni.
1479 2545 1519 2584 p.
1541 2533 1609 2571 67.
1653 2533 1722 2572 Ex
1755 2532 1986 2582 Meleagro
2008 2533 2128 2573 Attii

222 2587 437 2626 uidentur
468 2593 651 2640 sumpta
685 2602 800 2628 esse.
948 2588 1074 2628 CXlI
1115 2587 1275 2628 Cicero
1307 2589 1440 2627 Tusc.
1474 2587 1589 2640 disp.
1622 2589 1665 2629 II
1700 2591 1771 2639 14,
1803 2591 1856 2629 34
1897 2589 2124 2642 ‘itemque

220 2644 445 2695 Lycurgi’
490 2648 571 2691 (sc.
606 2645 753 2697 leges)
797 2644 1058 2685 ‘laboribus
1091 2644 1305 2684 erudiunt
1339 2644 1622 2684 iuuentutem
1660 2675 1670 2685 .
1697 2676 1741 2686 ..
1781 2644 1977 2698 Spartae
2016 2658 2125 2686 uero

223 2700 353 2751 pueri
385 2699 441 2739 ad
473 2714 597 2739 aram
631 2702 698 2741 sic
729 2702 995 2741 uerberibus
1029 2701 1337 2752 accipiuntur,
1379 2705 1436 2739 ut
1478 2701 1709 2741 multus'
1744 2715 1781 2742 e.
1816 2714 1858 2754 q.
1893 2715 1926 2742 s.
1978 2703 2125 2742 Versu

220 2756 395 2807 tragico
429 2756 696 2797 Ciceronem
727 2758 795 2797 uti
828 2757 1158 2797 animaduertit
1187 2756 1512 2797 Lachmannus
1545 2758 1590 2796 in
1621 2758 1754 2798 Lucr.
1787 2758 1826 2797 V
1857 2759 1939 2798 993

222 2811 370 2853 CXIII
401 2812 560 2852 Cicero
594 2814 648 2854 de
680 2814 756 2854 off.
790 2813 809 2852 1
843 2814 915 2864 18,
950 2815 1000 2853 61
1036 2812 1421 2866 ‘intellegendum
1454 2817 1602 2854 autem
1637 2819 1720 2863 est,
1755 2827 1854 2854 cum
1887 2814 2120 2867 proposita

363 2931 464 2978 204
513 2933 632 2978 hunc
676 2916 788 2978 tlbrz·
832 2937 878 2978 in
919 2934 1031 2991 Top.
1080 2936 1298 2991 exceptis
1349 2933 1491 2978 Viteb.
1537 2934 1671 2981 Eius.
1714 2939 1758 2979 et
1795 2936 1949 2980 altero
1993 2936 2127 2992 apud

220 3003 496 3047 Lambinum
625 3002 723 3049 205
764 3005 982 3062 parietum
1026 3003 1190 3048 umbris
1229 3003 1498 3048 occuluntur
1538 3003 1703 3049 Cicero
1837 3003 1936 3050 206
1976 3004 2122 3050 simile

220 3071 333 3131 apud
364 3072 584 3132 Scaliger
694 3073 790 3120 207
831 3074 1050 3133 palaestra
1090 3067 1278 3136 Eurota]
1321 3073 1386 3132 cf.
1415 3074 1758 3119 Lachmaunus
1794 3078 1840 3119 in
1872 3075 2018 3120 Lucr.
2045 3075 2130 3120 IV

225 3143 355 3188 1169
466 3142 655 3187 Eurotas
696 3144 1057 3204 Wesenberyz'us
1177 3143 1276 3191 208
1315 3143 1495 3189 militiae
1520 3144 1808 3191 ,Bouherius
1845 3151 1890 3190 et
1928 3144 2144 3190 Wesen-=

221 3215 409 3272 berylus
448 3214 626 3258 militiae
677 3221 721 3259 et
759 3214 1030 3273 Seyffertus
1076 3214 1238 3259 duritia
1286 3215 1535 3260 Bentlez‘us
1677 3214 1827 3259 studio
1866 3215 2122 3260 Lambinus

224 3297 329 3327 cum
361 3283 546 3329 Oxor'm.
591 3287 791 3344 aliquot,
834 3287 875 3329 si
908 3286 1029 3342 fides
1068 3286 1390 3330 collatoribus.
1431 3285 1474 3328 in
1518 3284 1667 3328 studio
1708 3286 1858 3329 ceteri
1892 3285 2024 3340 libri,
2066 3286 2123 3330 dc

223 3369 318 3412 qua
357 3358 603 3411 scriptura
644 3355 710 3413 cf.
751 3355 1091 3400 Luclzmamzus
1138 3358 1185 3400 in
1224 3355 1370 3400 Lucr.
1408 3355 1437 3400 I
1453 3355 1490 3400 V
1521 3352 1620 3400 283
1768 3353 1953 3399 facilitas
1990 3355 2120 3400 Lez’cl.

227 3423 376 3469 Oxou.
418 3438 541 3470 unus
578 3424 764 3470 futilitas
805 3425 1053 3470 Bentleius
1175 3424 1274 3471 209
1313 3424 1466 3469 multis
1504 3425 1726 3470 Bruxell.
1863 3424 1965 3471 210
2003 3424 2119 3484 Sep·

224 3498 455 3540 terestrium
498 3498 701 3541 restituit
739 3495 1079 3541 Laclzmanuus
1116 3499 1164 3541 in
1204 3496 1348 3542 Lucr.
1374 3496 1458 3542 IV
1479 3494 1576 3540 211
1707 3496 1872 3540 etenim
1910 3496 2060 3541 Bern.
2089 3510 2120 3540 α
