2299 3803
225 156 328 208 286
1005 151 1352 194 POMPONIVS

626 374 701 442 P.
756 369 1251 442 POMPONIVS
1303 369 1745 441 SECVNDVS

1030 510 1328 566 AENEAS

373 612 456 666 Ex
494 613 694 666 humile
734 629 875 680 rege.

338 778 554 818 Ponpom
589 776 790 815 AENEAS.
853 771 1089 813 Charisius
1120 772 1140 812 1
1173 785 1215 825 p.
1251 772 1330 812 107
1361 770 1410 809 Ρ.
1455 770 1688 811 ‘humile
1728 770 1784 810 de
1823 771 2002 812 homine
2044 770 2129 812 ali-

230 847 337 888 quo,
368 839 417 873 ut
449 832 724 885 Pomponius
759 829 992 871 Secundus
1026 829 1072 869 in
1103 828 1262 869 Aenea
1389 826 1547 867 humili
1580 827 1810 878 ablatiuo‚
1851 829 1891 867 si
1921 841 1994 868 res
2026 832 2133 871 est.'

230 892 443 942 (Aenea
477 889 575 931 cod.
625 901 800 928 coena
833 887 900 927 ed.
934 899 1003 938 pr.
1037 884 1224 925 Caena
1255 883 1531 934 Putschius.)
1611 883 1738 924 Inter
1769 888 2034 936 praetextas
2065 898 2134 924 re-

230 946 467 988 ferendam
500 957 599 986 esse
631 947 755 985 recte
788 943 962 984 monuit
990 943 1050 983 M.
1071 941 1289 983 Hertzius
1322 940 1394 981 ‘de
1426 940 1606 981 Scaeuo
1637 941 1835 982 Memore
1866 945 2006 993 poeta
2038 945 2136 982 tra-

234 1005 362 1056 gico’
397 1017 437 1055 p.
476 1004 514 1043 2.

345 1147 413 1186 Ex
447 1144 634 1199 prologo
664 1143 1011 1199 Amphitruonis
1041 1156 1203 1185 uersus
1235 1144 1287 1184 41
1322 1155 1388 1196 sq.

480 1231 585 1257 nam
617 1216 724 1270 quid
757 1229 838 1269 ego
870 1229 1108 1257 memorem
1137 1219 1189 1256 ut
1220 1215 1335 1256 alios
1369 1216 1423 1255 in
1455 1213 1780 1267 tragoe'diis

482 1272 610 1324 Vidi,
640 1274 951 1327 Neptunum
982 1272 1262 1313 Virtutem
1292 1270 1612 1313 Victoriam

483 1329 703 1370 Martem
739 1329 1041 1381 Bellonam,
1075 1328 1497 1370 commemorare
1531 1326 1669 1380 quae'
1702 1328 1841 1368 bona

483 1386 655 1427 Vobis
689 1387 995 1427 fecissent?
1308 1393 1321 1402 “

230 1464 469 1513 praeterea
500 1459 547 1498 in
580 1457 875 1510 Captiuorum
907 1457 1095 1510 prologo
1128 1470 1170 1498 u.
1203 1458 1256 1497 60
1288 1468 1384 1509 sqq.
1419 1455 1661 1508 repudiata
1691 1456 1946 1497 comoediae
1977 1470 2134 1510 proe-

231 1518 332 1567 lia,
375 1517 480 1555 item
513 1516 559 1554 in
592 1513 825 1555 Ciceronis
858 1514 914 1554 ad
946 1514 1088 1553 famil.
1123 1513 1209 1554 VII
1242 1515 1285 1563 l,
1316 1515 1341 1552 2
1374 1512 1571 1565 epistula
1603 1517 1997 1553 commemoratam
2038 1528 2133 1567 pe·

230 1573 451 1612 (litatus
498 1576 551 1611 et
597 1572 892 1623 equitatus
945 1571 1002 1610 in
1050 1570 1240 1621 aliqua
1286 1582 1467 1622 pugna
1516 1570 1727 1608 uariam
1780 1574 2132 1619 armaturam,

231 1630 426 1681 denique
468 1627 782 1679 triumphos
820 1627 1006 1666 Horatii
1046 1630 1203 1666 aetate
1243 1625 1398 1678 (epist.
1437 1626 1482 1665 ΙΙ
1523 1627 1566 1677 1,
1603 1627 1682 1666 189
1725 1625 1840 1678 sqq.)
1878 1627 1924 1666 in
1965 1639 2134 1668 scaena

232 1685 491 1725 celebratos
522 1684 782 1723 Ladeuicus
814 1682 981 1726 annali.
1013 1682 1188 1735 philoll.
1225 1683 1331 1722 1869
1364 1695 1403 1734 p.
1436 1683 1519 1722 473
1551 1694 1648 1733 sqq.
1683 1682 1738 1722 ad
1771 1686 2035 1734 praetextas
2070 1684 2134 1724 fa-

232 1740 362 1837 bulais
405 1740 595 1780 rettulit.
656 1739 743 1780 Sed
786 1739 901 1780 haec
942 1738 1121 1792 aliaque
1156 1740 1202 1778 in
1240 1738 1358 1778 libro
1395 1737 1448 1779 de
1489 1737 1723 1790 tragoedia
1762 1739 1968 1780 Romana
2006 1753 2134 1780 enar-

231 1811 314 1837 ran
350 1811 373 1837 a
409 1801 553 1836 erunt.
