2299 3803
146 148 250 202 250
543 151 623 191 EX
655 151 936 193 INCERTIS
970 149 1374 193 INCERTORVM
1406 151 1668 193 FABVLIS

150 282 254 335 105
295 282 411 344 Qua
449 283 618 352 pont-o
661 283 726 334 ab
766 282 950 335 Helles
991 283 1150 351 atque
1193 283 1258 335 ab
1300 282 1454 336 Ionio
1496 283 1631 335 mari

294 378 534 449 Vrgetur
573 378 825 433 Isthmus.

1041 475 1167 529 LVI

296 572 460 635 Quasi
500 573 682 626 Helles
724 576 951 644 pontum
993 576 1045 626 et
1085 574 1318 626 claustra
1375 615 1653 627 .....

1030 692 1183 745 LVII

293 791 523 843 Tantalo
565 792 888 860 prognatus,
926 790 1124 860 Pelope
1165 791 1348 859 natUS,
1389 792 1478 860 qui
1520 792 1792 860 quondam
1833 793 1864 844 a
1905 811 2059 845 socru

294 886 568 941 Oenomao
609 905 734 957 rege
775 885 1208 957 Hippodameam
1247 888 1417 957 raptis
1458 891 1714 941 nanctust
1753 889 1971 958 nuptiis.

924 1007 1107 1060 Lvm
1149 1005 1269 1078 (13)

150 1104 253 1155 110
292 1102 390 1156 ‘Ob
433 1105 631 1156 seelera
673 1104 943 1173 animique
984 1103 1344 1174 inpotentiam
1385 1106 1437 1157 e't
1479 1106 2029 1175 superbiloquentiam

146 1281 182 1307 e.
208 1282 247 1320 q.
273 1281 307 1309 5.
345 1271 527 1308 ‘seruus
560 1272 646 1308 est:
683 1269 880 1321 quinque
915 1269 1090 1309 modios
1125 1269 1301 1321 accipit
1334 1272 1379 1309 et
1401 1270 1597 1322 quinque
1622 1269 1871 1309 denarios.'
1915 1270 2057 1320 Quin-

142 1324 335 1364 tilianus
356 1324 421 1363 IX
443 1328 483 1375 4,
510 1327 589 1365 140
622 1325 804 1378 ‘itaque
839 1325 1122 1379 tragoediae,
1154 1326 1232 1366 ubi
1253 1339 1443 1366 necesse
1475 1333 1567 1376 est,
1603 1326 1895 1366 adfectamus
1919 1327 2057 1366 etiam

139 1384 357 1421 tumorem
382 1395 434 1421 ex
458 1381 675 1434 spondeis
697 1387 835 1435 atque
861 1384 1043 1433 iambis,
1078 1383 1267 1435 quibus’
1301 1381 1422 1434 (add.
1447 1382 1759 1435 Spaldingius,
1795 1397 1884 1425 om.
1908 1383 2055 1432 codd.)

143 1439 360 1478 ‘maxime
400 1440 686 1478 continetur:
735 1453 798 1480 en
837 1441 1046 1493 impero
1088 1471 1096 1479 .
1122 1470 1130 1479 .
1159 1471 1167 1479 .
1206 1439 1447 1492 Pelops.’
1509 1439 1673 1480 Cicero
1717 1444 1835 1481 orat.
1866 1442 1945 1488 49,
1985 1442 2061 1480 163

144 1495 334 1546 ‘uerba,
367 1499 418 1534 ut
448 1508 587 1548 supra
619 1496 838 1544 diximus,
870 1496 1067 1549 legenda
1101 1500 1206 1536 sunt
1236 1497 1523 1549 potissimum
1554 1497 1666 1537 bene
1701 1497 1940 1548 sonantia,
1977 1496 2062 1537 sed

141 1565 197 1591 ea
227 1565 316 1591 non
339 1556 388 1591 ut
410 1557 571 1604 poetae
599 1554 828 1605 exquisita
852 1553 908 1593 ad
931 1567 1108 1603 sonum,
1146 1553 1227 1593 sed
1249 1557 1431 1606 sumpta
1456 1554 1508 1593 de
1530 1554 1692 1593 medio.
1737 1555 1856 1604 Qua
1889 1558 2060 1607 ponto

143 1609 209 1648 ab
243 1608 443 1648 Helles
477 1615 661 1661 superat
692 1611 906 1653 modum)
969 1609 1036 1650 Cf.
1076 1610 1338 1650 Meinekius
1371 1610 1560 1662 Ephem.
1594 1610 1741 1649 Marb.
1777 1612 1885 1650 1844
1914 1624 1958 1662 p.
1993 1613 2060 1661 15,

140 1664 238 1704 Alb.
271 1665 477 1717 Langius
511 1671 689 1717 quaest.
722 1672 850 1709 metr,
887 1671 954 1717 30,
988 1667 1157 1708 Bernh.
1191 1667 1470 1707 Schmidtius
1503 1680 1613 1707 mus.
1646 1667 1791 1710 Rhen.
1823 1667 1926 1706 XVI
1960 1669 2058 1718 598,

140 1735 267 1762 meae
301 1721 497 1774 denique
531 1722 585 1762 de
618 1724 858 1775 particulis
891 1725 1017 1763 Latt.
1048 1725 1190 1775 symb.
1214 1738 1254 1775 p.
1279 1725 1345 1764 36.
1462 1725 1566 1765 LVI
1586 1724 1732 1764 Varro
1765 1723 1819 1763 de
1843 1723 1871 1765 l.
1899 1724 1951 1764 L.
1974 1725 2060 1764 VII

139 1781 188 1817 ‘21
225 1781 443 1831 ‘quasi’
478 1792 515 1819 e.
542 1794 582 1832 q.
606 1793 639 1820 5.
674 1780 982 1831 ‘clausu-a,
1018 1781 1139 1833 quod
1171 1781 1346 1820 Xerxes
1369 1780 1595 1832 quondam
1628 1793 1730 1821 eum
1751 1780 1903 1820 locum
1935 1780 2060 1821 clau-

139 1836 220 1883 sit3
254 1849 359 1875 nam
391 1840 441 1875 ut
461 1836 638 1877 Ennius
670 1839 755 1877 ait:
787 1838 917 1890 isque
949 1837 1252 1891 Hellesponto
1276 1841 1459 1889 pontem
1493 1837 1730 1878 contendit
1753 1838 1799 1876 in
1823 1837 1938 1887 alt03
1972 1838 2061 1877 nisi

138 1894 292 1943 potius
332 1892 388 1932 ab
434 1907 485 1933 eo
528 1894 644 1945 quod
677 1895 787 1934 Asia
827 1899 873 1934 et
910 1895 1094 1947 Europa
1134 1895 1212 1933 ubi
1246 1893 1450 1946 collidit,
1494 1908 1618 1934 mare
1658 1894 1782 1934 inter
1820 1895 2061 1948 angustias

140 1949 253 1989 fucit
274 1950 571 2002 Propontidis
603 1951 796 1994 fauces?
845 1951 1058 2003 (Cassi:
1094 1951 1526 2003 Hellespontum
1558 1952 1609 1993 O.
1634 1950 1887 1993 Muellerus
1920 1951 2059 1991 Cas-

137 2007 277 2045 sius:
310 2006 752 2059 Hellespontum
794 2008 1036 2061 Scioppius
1070 2008 1118 2048 C.
1152 2009 1375 2048 Accius:
1416 2007 1850 2060 Hellespontum
1895 2007 2059 2048 Cante-

138 2076 214 2102 rus
246 2063 361 2103 Nou.
396 2064 523 2103 Leet.
559 2065 596 2102 V
630 2066 703 2112 26,
727 2066 934 2108 Vrsinus.
973 2066 1030 2105 cf.
1067 2065 1276 2117 Scaliger
1311 2064 1439 2104 Coni.
1474 2079 1515 2117 p.
1549 2064 1619 2116 69)
1737 2064 1865 2106 LVII
1897 2063 2059 2105 Cicero

138 2121 273 2159 Tusc.
310 2120 426 2172 disp.
457 2121 526 2161 III
551 2123 623 2168 12,
647 2123 700 2160 26
734 2122 1100 2174 ‘aegritudinem
1130 2153 1138 2161 .
1159 2154 1167 2162 .
1188 2154 1197 2162 .
1227 2121 1511 2174 depellamus
1542 2153 1551 2162 .
1570 2154 1578 2161 .
1597 2154 1606 2163 .
1638 2121 1789 2174 qualis
1822 2123 1942 2162 enim
1972 2122 2060 2162 tibi

138 2175 219 2216 ille
259 2177 444 2216 uidetur
484 2178 754 2219 Tantalo’
798 2194 837 2220 e.
877 2193 917 2232 q.
962 2193 982 2219 s
1058 2179 1209 2219 ‘Iouis
1252 2180 1342 2219 iste
1384 2178 1563 2231 quidem
1604 2192 1843 2231 pronepos,
1904 2183 2058 2219 tamne

137 2247 245 2285 ergo
285 2235 495 2274 abiectus
528 2240 710 2288 tamque
744 2234 952 2276 fractus?
1013 2236 1187 2285 Nolite,
1219 2237 1393 2288 inquit,
1427 2235 1657 2288 hospites'
1693 2249 1729 2275 e.
1765 2249 1806 2288 q.
1839 2248 1872 2279 s.
1920 2233 2058 2289 [Eun.

136 2290 248 2342 Thy.
280 2289 408 2340 VIII]
466 2295 515 2331 tu
556 2295 623 2341 te,
667 2293 934 2344 Thyesta,
977 2292 1217 2333 damnabis
1257 2293 1534 2345 orbabisque
1581 2292 1684 2332 luce
1731 2297 1917 2345 propter
1965 2293 2058 2332 uim

139 2348 326 2387 sceleris
361 2347 558 2388 alieni?’
621 2349 842 2390 Numeros
880 2349 1121 2390 constituit
1152 2349 1415 2400 Bentleius,
1459 2362 1590 2401 quem
1629 2354 1784 2389 tamen
1815 2350 2059 2401 sequentIa

139 2405 279 2443 etiam
311 2406 462 2444 Iouis
493 2405 603 2446 iste
638 2407 854 2458 quidem
885 2419 1168 2459 pronepos
1199 2407 1348 2445 minus
1371 2410 1495 2445 recte
1527 2411 1694 2458 poetae
1718 2405 1901 2446 dedisse
1923 2407 2055 2446 intel-

136 2459 251 2500 lexit
282 2465 386 2513 post
406 2463 646 2503 Dauisium
670 2463 860 2504 XVolfius
882 2465 921 2503 2.
958 2464 1153 2516 Sumpta
1178 2463 1376 2503 fortasse
1399 2466 1506 2503 sunt
1533 2476 1587 2502 ex
1611 2463 1749 2502 Ennii
1770 2463 1986 2514 Thyeste.

136 2517 290 2558 LVIII
323 2517 485 2557 Cicero
516 2519 650 2559 Tuse.
675 2519 790 2572 disp.
815 2521 878 2560 IV
904 2521 975 2564 16,
1009 2522 1063 2560 35
1095 2524 1250 2572 ‘quam
1283 2520 1375 2558 uim
1408 2519 1512 2559 mali
1543 2518 1858 2570 significantes
1889 2524 2056 2572 poetae

136 2574 466 2626 impendere
506 2576 653 2627 apud
693 2576 912 2617 inferos
954 2589 1141 2616 saxum
1180 2575 1425 2616 Tantalo
1468 2576 1646 2616 faciunt
1691 2576 1754 2616 ob
1801 2576 2055 2617 scelera'

136 2769 384 2815 peroasgus
435 2757 568 2802 Golle.
618 2770 870 2816 peroargus
911 2757 1069 2814 Guelf.
1117 2755 1469 2816 llyperoreogus
1509 2757 1763 2816 At’yenlor.
1804 2756 2054 2816 llyperoar-

139 2840 226 2885 gns
266 2827 440 2885 reliqui
559 2828 726 2887 scripta
768 2828 1049 2883 Quintiliani
1084 2827 1348 2887 Arqenlor.
1389 2841 1527 2887 regna
1557 2827 1768 2885 Seneca,
1810 2829 1939 2886 quod
1972 2831 2053 2873 im-

135 2901 299 2942 merito
329 2904 490 2943 tuetur
516 2899 701 2945 Bernlz.
733 2899 1024 2945 Selzmicllius
1147 2899 1206 2942 ini
1249 2899 1498 2943 Turnebus
1624 2899 1749 2944 licuit
1776 2898 2059 2954 Quintiliani

137 2968 302 3012 Bccmb.
342 2971 502 3026 suppl.
539 2970 707 3015 Lussb.
745 2971 941 3031 Aryent.
1094 2968 1192 3016 105
1231 2976 1373 3029 ponto
1412 2968 1563 3013 Helles
1606 2970 1723 3015 Gud.
1755 2983 1781 3014 e
1812 2969 2054 3016 Ciceronis

134 3046 302 3098 pontus
343 3038 493 3084 Helles
532 3044 682 3085 celeri
719 3040 962 3087 Ciceronis
998 3042 1110 3086 libri
1256 3039 1353 3086 107
1395 3039 1697 3099 ellespontum
1733 3041 1868 3086 Flor.
2000 3040 2054 3084 ad

134 3109 421 3169 Hellesponti
459 3110 652 3156 claustra
681 3111 899 3172 Sculisser
927 3112 1055 3158 Coni.
1082 3127 1132 3169 p.
1164 3111 1226 3157 69
1350 3109 1543 3156 Conieci
1581 3110 1714 3166 Quasi
1753 3110 1902 3156 Helles
1940 3125 2053 3171 pon-

136 3188 228 3224 tum
269 3180 462 3225 claustra
501 3182 655 3226 dicunt
681 3183 898 3227 maritima
1012 3183 1109 3229 108
1137 3196 1271 3228 socru
1299 3182 1549 3227 Bentleius
1585 3196 1745 3227 socero
1773 3183 1885 3227 libri
1919 3195 2051 3227 soero

134 3252 355 3297 Klotzius
522 3253 616 3300 109
666 3254 802 3312 raptis
844 3255 963 3299 Gud.
1004 3255 1121 3314 Rey.
1162 3254 1312 3298 Bern.
1355 3255 1438 3298 alii
1484 3244 1619 3298 codd.
1661 3253 1852 3298 Dauisii
1895 3260 2051 3312 raptus

134 3329 178 3366 el
205 3336 357 3380 supra
393 3324 474 3368 lin.
516 3325 662 3384 ruptis
692 3323 842 3369 Relul.
884 3326 1019 3369 raetis
1051 3325 1208 3370 Marb.
1238 3329 1393 3382 raptus
1421 3324 1543 3368 Pe‘tlz.
1578 3324 1728 3369 Oxou.
1759 3337 1882 3369 ianus
1921 3330 2053 3383 raptu

134 3393 382 3438 Bentleius
526 3402 735 3440 nanetust
776 3395 1046 3454 Treffllerus
1086 3402 1272 3440 nanctus
1316 3393 1434 3439 Gud.
1464 3393 1582 3454 Rey.
1623 3400 1779 3439 nactus
1819 3401 1889 3439 est
1926 3394 2049 3439 Pulc.

136 3464 276 3508 nactis
304 3465 456 3509 Rebcl.
498 3480 557 3511 m.
595 3481 673 3523 pr.
716 3473 874 3511 uactus
903 3465 1061 3511 Murb.
1102 3473 1259 3511 nactus
1293 3467 1518 3512 Bruxell.
1561 3479 1666 3511 curn
1705 3468 1879 3510 celeris
1914 3466 2051 3511 libris

135 3534 328 3580 nactu'st
366 3534 616 3582 Bentleius
726 3537 844 3582 nutis
886 3536 1004 3596 Req.
