2299 3803
252 211 354 263 258
636 211 715 253 Ex
747 210 1033 253 INCERTIS
1066 207 1469 252 INCERTORVM
1500 208 1760 251 FABVLIS

1081 339 1336 392 LXXXV

551 482 558 490 .
627 483 633 489 .
698 439 897 490 ferrum
939 456 1026 489 aes
1067 439 1351 506 argentum
1392 439 1579 488 aurum
1619 436 1832 504 penitus
1872 435 2112 488 §.luditum

1067 553 1352 608 LXXXVI

258 653 364 706 155
403 652 556 705 Prius
596 654 752 705 liudis
793 653 1007 704 flamma

259 847 317 897 1
328 847 359 898 6
805 769 1118 823 LXXXVII
1159 766 1324 839 (Eun.
1364 768 1501 821 Med.
1543 766 1601 838 8)

291 862 324 898 O

258 922 357 972 1η-
400 883 672 935 'Animum
714 883 934 935 aduolte
976 900 1035 934 ac
1077 879 1219 933 dicto
1261 881 1408 949 pare!

1195 1029 1222 1058 εἰς

398 1097 617 1150 Praeter
656 1098 949 1167 rogitatum
990 1097 1032 1148 si
1073 1094 1247 1148 hisces

254 1259 386 1297 quam
418 1245 644 1286 hominem
668 1258 790 1295 eum,
826 1258 1016 1298 quocum
1049 1245 1222 1309 omnia,
1255 1257 1372 1296 quae
1404 1256 1472 1283 me
1496 1256 1605 1283 cura
1636 1243 1790 1294 aliqua
1811 1241 2034 1292 afficiunt,
2067 1256 2159 1283 una

254 1303 597 1353 communicem,
639 1302 714 1353 qui
755 1315 823 1341 me
858 1306 1001 1354 amet,
1045 1301 1120 1354 qui
1162 1301 1338 1352 sapiat,
1378 1301 1559 1365 qui-cum
1601 1312 1684 1352 ego
1726 1313 1786 1339 ex
1825 1302 2029 1339 animo’
2068 1297 2157 1353 (ex

252 1358 835 1410 ·111i1noII.A.Kochius,
871 1359 1038 1398 etiam
1071 1357 1169 1398 cod.
1204 1370 1267 1397 ex
1301 1357 1467 1396 inimi
1500 1356 1790 1396 sententia
1822 1356 1920 1408 ipse
1955 1356 2156 1396 coniece-

255 1415 368 1465 iam)
404 1414 606 1478 ‘loqua1,
639 1414 752 1454 nihil
775 1413 967 1467 fingam,
1003 1414 1114 1453 nihil
1139 1413 1442 1464 dissimulem,
1473 1412 1586 1452 nihil
1608 1413 1834 1464 obtegam.
1875 1412 2008 1453 abest
2039 1413 2157 1452 enim

255 1472 396 1511 trater
419 1463 738 1523 ἀφελέστατος
762 1474 806 1510 et
824 1446 1163 1511 abmantissimus
1184 1470 1292 1510 mei:
1317 1469 1540 1509 aliusnon
1557 1469 1701 1519 homo,
1726 1469 1807 1508 sed
1829 1467 1991 1509 litus'
2017 1482 2054 1509 e.
2065 1481 2106 1521 q.
2121 1480 2155 1508 s.

252 1528 398 1592 (meh
431 1527 579 1567 alius
603 1527 769 1580 selipsi
790 1527 1055 1567 metellus
1077 1527 1182 1568 libri
1212 1539 1359 1566 meus
1381 1525 1432 1565 A.
1462 1527 1743 1578 Augustinus
1766 1525 1871 1565 mei
1893 1524 2158 1590 Malaspiua

253 1585 368 1624 mei.
402 1583 550 1624 solus
584 1597 693 1629 sum
726 1583 1071 1636 Peerlkampus.
1188 1595 1293 1623 non
1324 1582 1476 1622 homo
1510 1581 1706 1622 fortasse
1737 1594 1892 1622 nemo
1925 1582 2158 1634 corrigen—

251 1641 368 1680 dum.
393 1640 563 1680 Poetae
581 1641 739 1691 uerba,
765 1652 877 1692 quae
899 1644 1000 1691 post
1021 1652 1088 1679 me
1110 1641 1206 1692 ipse
1230 1651 1406 1691 quoque
1430 1639 1633 1690 agnouit,
1655 1637 1984 1691 Peerlkampus
2006 1637 2064 1678 ab
2087 1637 2157 1677 his

251 1697 356 1735 11511
389 1696 540 1736 homo
574 1701 671 1747 est,
706 1696 799 1736 sed
830 1697 969 1748 incipi
1000 1694 1183 1748 uoluit.)
1240 1695 1537 1735 Prometheus
1572 1694 1692 1747 apud
1723 1695 1900 1735 Attium
1935 1695 2002 1734 sic
2033 1693 2158 1746 loqui

250 1752 412 1805 potuit.
505 1752 713 1792 LXXXV
745 1751 906 1793 Cicero
938 1752 992 1792 de
1014 1752 1090 1794 off.
1115 1753 1158 1793 11
1188 1754 1230 1801 4,
1262 1753 1311 1792 13
1344 1750 1623 1803 ‘eademque
1656 1751 1832 1790 ratione
1865 1763 1950 1790 nec
1981 1750 2157 1803 lapides

253 1822 306 1848 ex
341 1814 463 1848 terra
488 1809 808 1849 exciderentur
831 1808 887 1848 ad
911 1821 1036 1848 usum
1061 1813 1260 1849 nostrum
1284 1807 1549 1858 necessarii,
1583 1820 1668 1847 nec
1702 1806 1906 1847 ferrum
1938 1819 2030 1846 aes
2064 1819 2157 1846 au-

251 1878 360 1904 rum
393 1871 677 1918 argentum
710 1865 1001 1905 ecfoderetur
1032 1866 1258 1918 penitus
1291 1863 1538 1903 abditum
1561 1864 1658 1903 sine
1682 1862 1907 1903 hominum
1932 1862 2089 1904 labore
2113 1866 2158 1902 et

250 1920 559 1971 ma1111.’(acs
586 1934 772 1961 aurum
796 1926 1090 1974 argentum
1114 1921 1270 1962 Bamb.
1290 1921 1529 1960 KVuerzeb.
1554 1919 1722 1960 Bernn.
1746 1921 1809 1960 bc
1836 1932 1932 1960 aes
1962 1932 2158 1972 argen-

250 1982 359 2017 tum
393 1991 602 2028 aurum,
635 1977 716 2017 sed
747 1978 890 2030 signis
923 1978 1296 2030 transpositionis
1328 1976 1486 2016 eadem
1521 1990 1579 2018 m.
1613 1977 1715 2020 add,
1746 1977 1882 2017 Bern.
1913 1990 1939 2016 a
1971 1989 2158 2015 aurum

251 2048 346 2074 aes
379 2039 667 2085 argentum
693 2035 826 2074 Bern.
846 2048 868 2074 e
892 2033 1039 2086 Rom.)
1070 2034 1195 2074 Idem
1220 2033 1274 2074 de
1299 2037 1392 2072 nat.
1418 2033 1540 2074 deor.
1562 2033 1608 2073 II
1629 2034 1695 2080 60,
1722 2035 1797 2073 151
1824 2037 1933 2073 ‘nos
1957 2031 2153 2072 e'terrae

255 2093 469 2130 cauernis
511 2091 677 2130 serrum
713 2090 941 2140 elicimus,
977 2104 1067 2130 rem
1099 2091 1155 2130 ad
1181 2090 1396 2130 colendos
1419 2102 1554 2142 agros
1586 2090 1919 2138 necessariam3
1956 2101 2038 2129 nos
2069 2101 2159 2128 ae-

250 2148 326 2186 ris
367 2149 589 2199 aro—enti
636 2148 757 2187 ¹iuri
807 2160 951 2187 uenas
999 2148 1227 2199 penitus
1271 2147 1495 2186 abditas
1533 2147 1788 2185 iuuenimus
1836 2151 1884 2186 et
1925 2146 1983 2185 ad
2029 2157 2157 2184 usum

257 2209 392 2256 iptas
426 2209 471 2242 et
505 2204 561 2242 ad
595 2208 803 2243 oinatum
829 2204 1033 2243 decoras.
1041 2207 1052 2226 ³
1094 2204 1221 2244 Vnde
1255 2215 1412 2242 uersus
1443 2203 1717 2255 particulam
1742 2202 1901 2242 elicuit
1923 2206 2024 2254 post
2047 2201 2157 2241 Gru-

254 2265 395 2298 terum
429 2261 634 2311 Langius
659 2256 791 2299 vind.
816 2262 953 2311 1³36,
988 2261 1065 2312 qui
1096 2261 1374 2323 compalatis
1405 2272 1459 2299 ex
1482 2258 1698 2323 Aeschyli
1721 2258 1989 2298 Prometheo
2010 2270 2053 2297 u.
2076 2260 2159 2298 500

252 2329 348 2368 sqq.
371 2295 557 2380 εἶ’νερθεο
566 2311 618 2356 δὲ·
641 2308 818 2379 χθονός
835 2291 1135 2368 Κεκρυμμέν’
1153 2309 1483 2367 ἀνθρώποισιν
1505 2307 1799 2368 ὠφελήματα
1816 2308 2010 2356 Χαλκόν
2028 2312 2157 2366 σι’-δη

252 2385 332 2422 ρον
361 2364 567 2425 ἄργυρον
590 2367 764 2425 χρυσόν
787 2385 836 2413 τε
859 2387 902 2412 u.
927 2387 965 2415 τ
990 2373 1025 2413 λ.
1048 2374 1162 2412 Attii
1184 2371 1457 2412 Prometheo
1480 2376 1637 2412 nostia
1659 2371 1832 2413 tribuit
1922 2369 2152 2410 LXXXVI

251 2429 409 2468 Cicero
437 2428 548 2471 Phil
572 2429 683 2470 XIII
705 2431 773 2479 21,
797 2431 850 2469 49
881 2430 1059 2480 ‘prius
1089 2429 1251 2468 undis
1282 2429 1525 2479 flamma,
1563 2431 1620 2467 ut
1650 2427 1729 2466 ait
1760 2431 1928 2479 poeta
1962 2427 2156 2467 nescio

255 2485 405 2535 quis,
440 2486 565 2536 prius
597 2485 791 2536 denique
817 2487 988 2534 omnia,
1024 2498 1157 2536 quam
1189 2489 1268 2524 aut
1298 2498 1396 2524 cum
1420 2483 1629 2524 Antoniis
1653 2496 1725 2522 res
1747 2483 1932 2536 publica
1954 2488 2035 2523 aut
2057 2496 2157 2522 cum

250 2554 297 2578 re
332 2516 516 2592 pulssica
538 2541 725 2580 Antonii
747 2541 971 2580 redeant
961 2553 1006 2579 ln
1029 2544 1238 2593 gratiam.
1247 2544 1259 2564 ²
1299 2539 1365 2579 Cf.
1386 2541 1584 2602 Augusti
1606 2540 1776 2579 dictum
1807 2539 1926 2590 apud
1949 2538 2157 2579 Cassium

251 2597 441 2636 Dionem
474 2598 553 2636 LV
587 2599 637 2637 13
669 2596 856 2637 θᾶσσον
885 2628 922 2638 ..
952 2595 1044 2648 πῦρ
1076 2589 1219 2638 ὕδατι
1250 2589 1593 2649 μιχθήσεσθαι.
1711 2595 1914 2634 Lxxxx
1922 2597 1966 2636 II
1998 2594 2156 2635 Cicero

252 2666 330 2705 pro
364 2653 548 2692 l'·1l)irio
581 2654 701 2693 Post.
739 2655 812 2703 11,
836 2655 888 2693 29
921 2657 1134 2705 ‘regum
1170 2658 1315 2692 autem
1347 2657 1452 2692 sunt
1483 2653 1594 2692 llaec
1626 2652 1886 2704 imperia:
1921 2652 2155 2691 animum

252 2709 486 2748 ·2‹l110rte
530 2723 589 2749 ac
630 2710 780 2749 dicto
804 2683 973 2761 ,par3e
1016 2715 1061 2749 et
1097 2707 1217 2762 [15⁵3]
1265 2714 1311 2748 et
1351 2709 1460 2748 illae
1502 2710 1653 2748 minae
1685 2707 1820 2760 [Eun.
1854 2709 1974 2748 Med.
2008 2704 2154 2761 V11].’

251 2765 319 2804 Ad
352 2766 488 2805 Ennii
511 2765 717 2806 Medeam
751 2765 866 2806 haec
889 2779 1063 2818 quoque
1088 2766 1250 2806 referri
1270 2778 1403 2818 posse
1426 2767 1600 2806 monuit
1621 2765 1834 2817 Scaliger
1857 2764 1984 2808 Coni,
2011 2778 2053 2817 p.
2077 2768 2156 2805 60.

254 2823 313 2861 cf.
348 2823 502 2874 Eurip.
535 2824 633 2863 274.
665 2825 745 2863 321

396 3000 493 3045 154
534 3015 688 3045 aurum
729 3002 870 3061 uulyo
910 3015 994 3046 om.
1165 3000 1262 3046 155
1304 3000 1433 3045 undis
1483 2999 1654 3044 flamma
1703 3001 2000 3045 recentiores
2044 2999 2157 3044 libri

253 3071 495 3125 Ferrarii,
549 3071 688 3115 undas
728 3070 943 3115 flammam
981 3073 1091 3117 libri
1127 3074 1351 3134 plerique
1389 3070 1528 3115 undas
1571 3070 1876 3129 flammamque
1915 3069 2019 3114 edd.
2058 3074 2150 3113 uel.

254 3155 352 3185 cum
395 3141 524 3185 undis
553 3141 724 3186 [hemma
755 3142 935 3200 Gryph.
1052 3142 1148 3188 156
1178 3155 1247 3199 sq.
1288 3141 1590 3186 animaduerte
1618 3154 1667 3185 ac
1692 3140 1812 3184 (licto
1840 3139 1936 3197 (uel
1961 3137 2155 3202 addicto)

254 3225 357 3271 pare
394 3213 506 3256 libri
549 3213 741 3255 :mimum
782 3211 969 3256 aduorle
1009 3219 1052 3256 et
1092 3213 1212 3256 ‹lit-Io
1262 3226 1366 3271 pare
1407 3212 1625 3270 Scaliyer
1665 3210 1791 3255 Coni.
1827 3224 1874 3267 p.
1913 3208 1979 3255 60

258 3280 355 3325 158
397 3283 431 3325 si
472 3282 618 3326 hisces
646 3285 823 3339 scripsi
847 3283 882 3326 si
910 3273 980 3341 pie
1007 3285 1084 3328 uel
1110 3284 1206 3343 piae
1233 3283 1427 3328 Monac.
1457 3281 1677 3326 Vindobb.
1710 3286 1933 3338 uterque,
1967 3277 2151 3324 Oaeomz.

253 3350 284 3393 4
324 3352 381 3394 sit
419 3352 489 3410 pie
530 3351 699 3397 Salisb.
741 3352 871 3400 Glor.
914 3351 1096 3397 Oromz.
1144 3354 1232 3411 Τψ
1280 3353 1315 3396 si
1357 3352 1580 3411 quippiam
1618 3351 1913 3394 Aseensicma
1961 3348 1997 3392 si
2046 3347 2152 3408 quid

257 3421 476 3466 Halmius
514 3423 549 3465 si
590 3435 773 3480 querare
809 3423 996 3467 Iuntina
1031 3422 1194 3468 Orellii
1229 3424 1264 3466 si
1305 3422 1487 3481 loquare
1525 3433 1589 3466 ex
1617 3421 1875 3465 Hotomam·
1910 3421 2010 3464 cocl.
2051 3431 2152 3464 sus-

251 3497 391 3547 pecto
418 3491 676 3536 Lambinus
714 3506 768 3536 ne
808 3506 995 3552 querare
1024 3493 1243 3553 Scccliyer
1393 3493 1490 3537 Vno
1530 3504 1674 3535 uersu
1713 3491 1904 3534 :inimum
1945 3504 1982 3534 n.
2024 3502 2073 3532 ac
2110 3487 2153 3531 «l.

255 3575 296 3618 p.
340 3568 379 3604 et
423 3568 599 3619 praeter
640 3563 881 3621 rogitatum
924 3562 1002 3606 sile
1047 3563 1375 3607 Haec-helerus
