2299 3803
834 986 976 1054 CN.
1055 985 1484 1057 NAEVIVS

930 1125 1377 1181 CLASTIDIVM

1139 1245 1162 1297 Ι

463 1341 756 1393 uitulantes

1126 1438 1178 1490 ΙΙ

344 1534 473 1586 Vita
512 1532 783 1602 insepulta
823 1535 994 1586 laetus
1035 1535 1091 1586 in
1130 1535 1361 1603 patri-cim
1402 1537 1565 1589 redux

754 1674 1103 1728 ROMVLVS
1145 1676 1257 1728 siue
1299 1675 1532 1729 LVPVS

1132 1771 1158 1822 Ι

462 1886 487 1918 C
495 1885 617 1918 aSCa

459 2086 688 2136 sponsus

302 2232 478 2270 NAEvu
511 2229 802 2270 CLAsTmivM
863 2233 883 2271 I
915 2231 1059 2270 Varro
1092 2231 1147 2270 de
1179 2230 1208 2269 1.
1243 2231 1295 2270 L.
1320 2231 1404 2271 V11
1431 2232 1508 2271 107
1528 2230 1589 2270 M.
1626 2229 1796 2270 ‘multa
1829 2231 1952 2282 apud
1985 2243 2093 2283 poe-

190 2293 263 2329 tas
301 2286 479 2339 reliqua
519 2299 619 2326 esse
659 2287 820 2334 uerba,
862 2300 1046 2339 quorum
1087 2288 1286 2339 origines
1325 2287 1504 2339 possint
1541 2286 1656 2336 dici,
1696 2300 1783 2326 non
1824 2286 2005 2336 dubito,
2049 2290 2098 2326 ut

190 2344 310 2398 apud
341 2343 566 2383 Naeuium
597 2343 644 2381 in
676 2343 881 2384 Hesiona
910 2375 918 2383 .
938 2374 947 2383 .
977 2343 1023 2382 in
1058 2342 1303 2384 Clastidio:
1336 2343 1682 2392 uitulantes,
1716 2356 1743 2382 a
1776 2343 1965 2382 vitula-²
2018 2341 2095 2393 (de

187 2400 348 2442 vitula
379 2399 464 2439 dea
493 2398 595 2440 uide
627 2399 853 2440 Macrobii
886 2400 979 2441 Sat.
1014 2400 1081 2439 111
1114 2404 1159 2439 2:
1195 2400 1252 2442 cf.
1286 2398 1473 2439 Prelleri
1506 2398 1689 2452 mythol,
1723 2400 1848 2439 Rom.
1883 2412 1923 2451 p.
1958 2397 2057 2451 359)

300 2457 345 2496 11
375 2455 520 2495 Varro
551 2455 605 2495 de
638 2455 668 2497 l.
702 2457 755 2495 L.
788 2456 852 2496 IX
876 2458 928 2496 78
961 2460 1090 2495 ‘nam
1125 2460 1173 2495 ut
1205 2456 1336 2508 signa
1370 2468 1483 2508 quae
1517 2469 1605 2495 non
1638 2455 1810 2495 habent
1843 2459 1988 2507 caput
2019 2459 2099 2495 aut

194 2515 332 2554 aliam
365 2525 501 2564 quam
534 2516 733 2564 partem,
778 2512 921 2552 nihilo
953 2513 1100 2553 minus
1132 2513 1179 2552 in
1211 2512 1402 2564 reliquis
1435 2513 1641 2552 membris
1674 2525 1826 2552 eorum
1859 2524 1959 2552 esse
1993 2524 2097 2564 pos—

192 2574 298 2612 sunt
336 2568 603 2621 analogiae:
646 2569 711 2608 sic
750 2569 796 2608 in
828 2569 1064 2609 uocabulis
1104 2582 1288 2609 casuum
1323 2573 1510 2621 possunt
1543 2569 1648 2608 item
1691 2567 1810 2616 fieri,
1854 2581 1907 2608 ac
1939 2568 2100 2620 repeni

190 2626 308 2680 quod
342 2625 514 2675 aberit,
547 2625 624 2664 ubi
647 2626 851 2678 patietur
873 2629 1037 2665 natura
1071 2629 1117 2665 et
1141 2625 1447 2674 consuetudo,
1481 2625 1598 2677 quod
1623 2637 1955 2676 nonnumquam
1979 2625 2099 2676 apud

195 2688 351 2735 poetas
381 2681 640 2722 inuenimus
673 2681 868 2733 factum,
902 2686 951 2721 ut
980 2682 1027 2720 in
1058 2682 1143 2722 hoc
1176 2682 1296 2734 apud
1327 2681 1551 2722 Naeuium
1584 2682 1630 2720 in
1664 2680 1890 2721 Clastidio
1919 2711 1929 2721 .
1949 2711 1958 2720 .
1977 2684 2013 2721 .’

303 2740 529 2779 Romvnvs
562 2738 661 2777 siue
691 2738 863 2778 vavs.
906 2739 1116 2778 Donatus
1147 2739 1193 2778 in
1225 2739 1327 2778 Ter.
1361 2737 1551 2789 Adelph.
1585 2737 1645 2777 IV
1681 2740 1728 2786 1,
1761 2739 1811 2776 21
1847 2741 1977 2776 ‘nam
2010 2736 2098 2776 fal-

190 2809 286 2837 sum
318 2797 411 2844 est,
448 2793 565 2844 quod
596 2793 787 2842 dicitur,
820 2795 1128 2835 interuenisse
1159 2794 1309 2847 lupam
1342 2794 1671 2833 Naeuianae
1713 2793 1949 2832 fabulae
1990 2792 2098 2832 ali-

189 2851 398 2892 monio'
423 2849 508 2900 (sic
533 2848 601 2889 ed.
626 2862 690 2901 pr.
715 2850 1019 2890 alimoniae
1044 2851 1198 2903 uulgo)
1223 2851 1401 2890 ‘Remi
1425 2854 1470 2889 et
1495 2848 1735 2898 Romuli,
1771 2849 1873 2888 dum
1897 2850 1942 2887 in
1966 2848 2097 2888 thea-

188 2897 258 2962 tfo
292 2908 535 2959 ageretur)
670 2906 691 2945 Ι
724 2908 868 2947 Varro
901 2906 955 2945 (lc
988 2906 1015 2945 l.
1049 2907 1100 2946 L.
1135 2907 1218 2947 VII
1250 2908 1304 2946 54
1334 2907 1393 2946 M.
1436 2910 1615 2944 ‘carere
1648 2919 1674 2944 a
1714 2904 1933 2955 carendo,
1979 2904 2097 2956 quod

190 2978 291 3005 eam
322 2967 417 3002 tum
448 2965 648 3014 purgant
688 2976 742 3002 ac
774 2962 1020 3011 deducunt,
1063 2967 1112 3002 ut
1151 2967 1306 3002 careat
1345 2962 1568 3014 spurcitia
1608 2959 1681 3013 (ex
1723 2973 1809 3013 quo
1852 2961 2096 3001 carminari

191 3021 359 3060 dicitur
391 3024 483 3058 turn
514 3017 662 3068 lana),
697 3032 796 3058 cum
829 3033 883 3060 ex
916 3032 971 3059 ea
1003 3022 1163 3059 carunt
1184 3018 1303 3071 quod
1334 3019 1379 3057 in
1413 3031 1466 3058 ea
1496 3018 1655 3058 haeret
1678 3030 1825 3069 neque
1860 3021 1931 3057 est
1964 3017 2094 3056 lana:

188 3089 305 3129 quae
337 3076 384 3115 in
406 3074 594 3115 Romulo
615 3074 820 3116 Naeuius
851 3075 1058 3128 appellat
1089 3088 1275 3125 casca,
1309 3076 1365 3115 ab
1389 3075 1554 3116 Oscis.’
1587 3074 1643 3114 cf.
1669 3073 1778 3117 ibid,
1802 3075 1868 3114 28.
1903 3074 2096 3124 (casca

187 3133 478 3173 Her-mannus
516 3131 684 3183 Opusc.
718 3133 754 3171 V
786 3133 868 3172 263
901 3144 1031 3172 asca
1061 3132 1209 3172 Haun.
1243 3136 1369 3171 asta
1407 3130 1528 3170 Flor.
1565 3130 1699 3170 Goth.
1737 3130 1901 3170 hasta
1931 3129 2036 3171 Par.
2070 3143 2096 3168 a

191 3195 236 3229 et
266 3190 292 3229 b
327 3188 470 3228 Osca
503 3187 724 3239 Scaliger.
759 3192 916 3228 casta
949 3187 1238 3240 participium
1272 3201 1298 3226 a
1328 3187 1503 3228 Naeuio
1535 3189 1804 3238 usurpatum
1836 3186 1978 3225 fuisse
2011 3198 2094 3237 pu-

189 3249 258 3285 tat
287 3242 618 3289 Buechelerus)
746 3243 791 3283 11
822 3244 964 3284 Varro
1005 3243 1058 3283 de
1099 3243 1127 3282 l.
1159 3244 1211 3286 L.
1244 3244 1330 3284 VII
1365 3245 1441 3284 10?
1473 3243 1531 3283 M.
1577 3242 1747 3282 ‘multa
1779 3242 1899 3294 apud
1931 3246 2094 3293 poetas

189 3301 367 3352 reliqua
400 3312 499 3339 esse
532 3300 695 3349 uerba,
739 3313 926 3352 quorum
959 3299 1158 3352 origines
1190 3301 1367 3352 possint
1399 3299 1508 3347 dici,
1551 3311 1639 3338 non
1671 3298 1851 3348 dubito,
1890 3304 1940 3336 ut
1972 3297 2093 3349 apud

187 3357 414 3397 Naeuium
444 3356 492 3395 in
512 3356 720 3396 Hesiona
748 3387 757 3395 .
777 3387 786 3398 .
815 3357 863 3396 in
884 3356 1106 3397 Clastidio
1136 3386 1144 3395 .
1164 3387 1173 3396 .
1202 3358 1248 3395 in
1270 3356 1386 3396 Dolo
1416 3385 1425 3395 .
1445 3386 1454 3395 .
1484 3356 1530 3394 in
1551 3354 1784 3394 Demetrio
1816 3384 1824 3392 .
1844 3384 1853 3395 .
1882 3355 1929 3392 in
1959 3355 2096 3393 Lam-

190 3412 385 3464 padione
423 3442 432 3452 .
458 3442 467 3452 .
494 3441 503 3451 .
530 3442 540 3452 .
575 3411 622 3450 in
660 3412 872 3453 Romulo:
914 3424 1177 3464 sponsus,
1221 3417 1379 3452 contra
1418 3424 1631 3463 sponsum
1671 3412 1889 3462 rogatus.’
1941 3407 2095 3460 (con-

191 3481 452 3520 sponsus,
509 3471 707 3508 contra
754 3481 986 3520 sponsus
1024 3467 1324 3508 Neukirchius
1371 3467 1473 3507 coll.
1514 3467 1638 3508 Varr.
1682 3465 1735 3504 de
1775 3465 1804 3505 l.
1846 3466 1897 3506 L.
1941 3466 2000 3505 VI
2040 3467 2093 3505 70

192 3535 427 3576 sponsus
458 3527 643 3564 tuentur
662 3525 952 3564 Hermannus
985 3524 1012 3562 l.
1035 3524 1065 3563 l.
1093 3529 1138 3564 et
1159 3523 1482 3564 Lachmannus
1503 3524 1618 3563 Mus.
1641 3521 1786 3562 Rhen.
1813 3521 1919 3562 1839
1942 3534 1984 3573 p.
2013 3523 2092 3561 118

192 3579 264 3619 Cf.
297 3579 446 3619 Naeui
478 3592 588 3621 com.
620 3580 712 3623 inc.
746 3581 840 3622 fab.
872 3578 1057 3631 XXVI.)
