2294 3844
967 254 1026 294 M.
1060 250 1356 292 PAcvvws
2019 250 2115 301 121

363 383 777 435 Proteruitatein
820 386 976 451 atquc
1018 383 1195 434 h6sti0
1238 382 1490 433 ferociam

755 538 854 590 EX
898 537 1235 590 INGERTIS
1278 535 1587 588 FABVLIS

1097 634 1121 685 I
1164 632 1247 704 (7)

926 731 1115 783 Pastor

365 829 568 880 Exorto
611 829 814 896 iubare7
856 828 1028 880 noctis
1070 828 1290 879 decurso
1334 825 1521 878 itinero

1084 923 1136 974 ΙΙ
1179 921 1261 993 (2)

365 1016 480 1066 'Odi
522 1033 620 1083 ego
661 1015 904 1067 homines
946 1011 1146 1082 ignaua
1186 1031 1344 1080 opera
1388 1015 1438 1062 et
1480 1010 1801 1080 philosopha
1846 1012 2125 1064 sententia.

844 1109 926 1161 III
968 1106 1106 1179 (Liu.
1147 1110 1247 1161 inc.
1288 1109 1394 1160 fab.
1437 1106 1494 1177 8)

367 1201 448 1252 Tu
489 1201 845 1253 Cornifi-ont&
886 1200 1099 1268 pascere
1141 1200 1409 1250 armentas
1451 1199 1603 1249 solos.

1055 1295 1134 1347 IV
1177 1291 1296 1364 (34)

223 1390 331 1440 350
445 1386 607 1456 Agite
649 1385 746 1454 ste,
786 1385 1017 1437 euoluite
1059 1385 1252 1453 rai-pite,
1293 1403 1445 1436 conia

221 1530 272 1536 —
304 1529 356 1534 —-
392 1510 436 1546 et
467 1505 711 1545 Pacuius
743 1505 788 1543 in
820 1504 1023 1544 Teucroe
1057 1503 1170 1543 nisi’
1206 1516 1242 1543 0.
1276 1515 1316 1554 q.
1350 1516 1384 1542 s.
1419 1500 1497 1554 (cf.
1533 1502 1586 1540 H.
1623 1501 1802 1541 Keilius
1835 1501 1861 1543 1,
1896 1501 1925 1540 l.
1961 1514 2000 1552 p.
2027 1500 2126 1551 (324)

219 1564 335 1604 Non.
382 1565 478 1609 121,
523 1563 572 1603 15
613 1561 857 1601 ‘hostire
902 1564 972 1600 cst
1012 1563 1330 1612 comprimere,
1370 1559 1610 1610 recedere,
1652 1558 1819 1598 (lictum
1863 1559 1918 1596 ab
1958 1558 2127 1598 hostia.

220 1619 453 1660 Pacuuius
485 1620 684 1659 Teucro:
720 1615 830 1657 nisi’
865 1631 902 1657 e.
939 1630 982 1669 q.
1014 1631 1049 1657 s.
1084 1617 1307 1666 ‘liostire‚
1340 1615 1573 1656 offendere
1607 1614 1785 1656 cedere.
1847 1615 2129 1654 Pacuuius

221 1676 594 1729 Erotopaegnion
625 1675 705 1714 lib.
739 1675 808 1714 lI’
842 1673 1112 1726 (Laeuius
1146 1674 1402 1719 Mercerus,
1441 1672 1521 1712 Sed
1553 1672 1752 1712 fortasse
1787 1671 1906 1711 alter
1937 1671 2130 1710 Pacuuii

221 1734 350 1775 locus
389 1738 496 1773 ante
528 1732 695 1772 Laeuii
733 1743 896 1770 nomen
937 1731 1132 1779 excidit)
1170 1730 1299 1770 Idem
1329 1731 1433 1779 490,
1469 1730 1519 1769 19
1560 1728 1807 1768 ‘ferocia
1846 1741 1924 1780 pro
1965 1727 2130 1767 feroci—

222 1794 358 1831 tate.’
474 1788 670 1829 Adiunxi
700 1788 834 1827 huius
867 1787 1051 1827 fabulae
1092 1787 1297 1839 reliquiis
1330 1787 1417 1826 inc.
1455 1786 1545 1825 fab.
1582 1784 1932 1826 XLIII—XLV.
1965 1783 2129 1824 XLIX.

222 1849 284 1898 L,
317 1848 409 1886 inc.
442 1847 531 1886 inc.
567 1845 657 1886 fab.
692 1844 854 1886 XLIV.
887 1843 1050 1888 XLVI,
1083 1844 1266 1883 XLVII.
1299 1843 1463 1883 XLIX.

336 1903 405 1942 Ex
436 1903 533 1942 INc.
567 1903 682 1941 ΕΑΒ.
714 1902 735 1940 Ι
757 1902 904 1940 Varro
937 1900 991 1940 de
1024 1900 1052 1942 l.
1086 1901 1138 1940 L.
1163 1900 1222 1939 VI
1253 1901 1277 1939 (3
1301 1900 1358 1939 Μ.
1393 1903 1470 1939 ‘ut
1501 1902 1609 1938 ante
1643 1897 1784 1939 solem
1816 1902 1977 1947 ortum,
2012 1897 2132 1948 quod

226 1959 382 2000 eadem
417 1959 555 1999 stella
586 1961 781 1998 uocatur
813 1957 999 2004 iubar,
1034 1957 1153 2009 quod
1187 1957 1371 2007 iubata,
1404 1956 1763 1996 Pacuuianus
1797 1954 1908 1993 dicit
1940 1958 2133 2006 pastor

234 2047 243 2056 .
264 2048 272 2056 .
293 2020 327 2057 .’
362 2015 547 2067 (Deficit
578 2015 652 2054 hic
683 2015 822 2053 Laur.
856 2014 925 2064 51,
962 2016 1028 2053 10.
1062 2017 1254 2065 partor
1285 2013 1422 2052 Laur.
1453 2014 1528 2062 51,
1562 2014 1602 2052 5.
1637 2011 1770 2052 Goth.
1803 2012 1907 2051 Par.
1942 2024 1968 2050 a
2001 2024 2132 2063 pac-

225 2078 310 2113 tor
340 2073 490 2114 Haun.
522 2084 724 2124 parcor
753 2070 856 2109 Par.
883 2069 929 2121 b)
979 2069 1151 2110 Ibidem
1184 2070 1271 2110 VII
1302 2070 1355 2109 76
1387 2071 1446 2112 M.
1489 2069 1678 2108 ‘iubar
1715 2099 1725 2108 .
1751 2100 1759 2107 .
1787 2099 1796 2107 .
1834 2067 1968 2107 huius
2008 2070 2134 2107 ortus

227 2129 459 2183 significat
489 2128 673 2167 circiter
701 2139 802 2166 esse
826 2129 1073 2166 extremam
1097 2130 1298 2176 noctem3
1332 2127 1490 2177 itaque
1516 2126 1579 2165 ait
1603 2125 1800 2164 Pacuius
1817 2128 1828 2147 ²
1863 2123 1948 2174 (sic
1970 2122 2134 2172 Flor.):

226 2189 438 2226 ‘exorto'
473 2197 511 2224 0.
548 2198 588 2236 q.
622 2197 655 2227 s.
707 2184 938 2235 Antiopae
978 2182 1164 2223 exordio
1205 2182 1489 2234 desumptum
1530 2181 1726 2222 uidetur.
1870 2181 1916 2220 II
1958 2179 2133 2220 Gellius

226 2243 340 2283 XIII
377 2243 403 2281 S
445 2242 580 2281 ‘item
620 2252 779 2280 uersus
820 2245 890 2280 est
936 2240 981 2278 in
1023 2239 1213 2280 eandem
1256 2239 1395 2279 ferme
1437 2237 1716 2278 sententiam
1751 2237 1952 2287 Pacuui,
2002 2249 2134 2289 quem

226 2298 416 2339 Macedo
450 2296 768 2350 philosophus,
804 2297 873 2336 uir
906 2296 1066 2346 bonus,
1100 2295 1343 2336 familiaris
1376 2307 1515 2341 uleus,
1550 2294 1688 2335 scribi
1720 2294 1886 2333 debere
1913 2293 2134 2332 censebat

228 2369 308 2410 pro
351 2355 524 2396 foribus
564 2354 761 2394 omnium
793 2352 1063 2406 templorum
1093 2384 1102 2391 .
1128 2384 1137 2392 .
1165 2356 1200 2393 .’
1251 2352 1351 2392 Non
1384 2351 1626 2391 abhorrere
1668 2365 1693 2389 a
1726 2350 1824 2390 Seti
1861 2349 1907 2388 in
1939 2350 2135 2401 Antiopa

230 2425 427 2466 persona
458 2411 632 2451 monuit
654 2409 988 2450 Valckenarius
1020 2409 1218 2450 Dian-ib.
1251 2423 1294 2461 p.
1319 2410 1385 2449 77.
1425 2406 1718 2460 Comparauit
1737 2407 2006 2455 Hartungus
2031 2407 2133 2444 Eur.

230 2473 337 2510 rest.
372 2469 414 2509 ΙΙ
445 2470 528 2509 420
565 2467 619 2511 fr.
651 2466 758 2506 Eur.
791 2468 843 2506 62
875 2466 927 2506 N.
958 2464 1077 2519 μισῶ
1109 2459 1260 2518 σοφὸν
1280 2456 1413 2507 ’Όντ’
1455 2457 1506 2505 ἐν
1538 2460 1770 2516 λόγοισιν,
1811 2457 1857 2510 ἐς
1891 2456 1937 2503 δ’
1970 2455 2135 2515 ὄνησιν

230 2575 285 2623 οὗ
317 2573 492 2632 σοφόν,
527 2580 644 2633 quod
675 2581 721 2620 in
752 2579 954 2633 margine
988 2579 1171 2619 Orionis
1204 2571 1251 2630 ἐξ
1285 2543 1378 2618 (ΞΣ-ν
1416 2582 1643 2630 sumptum
1671 2589 1770 2617 esse
1793 2579 1990 2626 notatur,
2024 2575 2065 2614 h.
2097 2589 2153 2618 0.,
2210 2566 2213 2569 ⁴

231 2637 578 2678 Schneidewino
609 2638 861 2689 interprete
894 2629 943 2687 ἐξ
972 2627 1299 2687 Ἀλεξάνδρου.
1416 2635 1483 2675 ΙΙΙ
1516 2634 1701 2674 Seruius
1734 2634 1778 2672 in
1811 2634 1921 2674 Aen.
1955 2633 2023 2673 111
2056 2634 2138 2673 540

232 2695 472 2735 ‘dixerunt
504 2694 641 2734 etiam
676 2693 856 2745 antiqui
890 2697 1143 2733 armenta
1183 2693 1230 2732 in
1265 2692 1498 2732 feminino.
1560 2690 1735 2729 Ennius
1775 2721 1783 2729 .
1810 2721 1818 2730 .
1847 2721 1856 2730 .
1888 2693 1934 2729 et
1964 2689 2135 2728 Pacu-

230 2752 380 2792 uius:
413 2754 487 2790 tu’
521 2763 559 2793 e.
592 2764 632 2802 q.
666 2763 700 2790 s.
741 2750 854 2793 Non.
891 2751 983 2796 190,
1016 2751 1070 2789 20
1107 2752 1388 2789 ‘armenta
1514 2747 1735 2787 feminino
1768 2746 1940 2786 Ennius
1969 2777 1979 2786 .
2006 2777 2016 2786 .
2042 2777 2050 2784 .
2081 2744 2137 2784 ad

232 2811 452 2848 armenta.
504 2807 719 2846 uiuius:
752 2810 827 2847 tu’
863 2819 899 2846 e.
936 2818 977 2857 q.
1012 2820 1045 2847 s.
1097 2805 1341 2858 Amphioni
1373 2804 1419 2843 in
1450 2804 1651 2856 Antiopa
1683 2803 1799 2843 scite
1831 2803 1993 2842 tribuit
2014 2801 2137 2842 Wel-

232 2865 398 2904 ckerus
431 2865 506 2904 Gr.
540 2867 596 2906 tr.
627 2877 668 2916 p.
704 2865 802 2904 821.
903 2862 966 2902 IV
996 2862 1170 2902 Marius
1201 2862 1463 2902 Victorinus
1497 2874 1537 2913 p.
1570 2862 1679 2900 2522
1700 2859 1750 2899 P.
1783 2859 1882 2911 (103
1908 2858 1978 2910 G.)
2011 2863 2138 2897 ‘ana-

236 2984 436 3030 Vrsinus
473 2996 662 3028 coeuceo
712 2984 814 3028 cod.
843 2983 979 3027 Festi
1014 2995 1259 3026 cocrcucro
1290 2982 1474 3027 Nonius
1495 2994 1546 3038 p.
1579 2978 1676 3022 121
1786 2976 1886 3023 346
1930 2982 2138 3036 propter-

235 3055 418 3099 uitatem
449 3053 579 3098 Leicl.
618 3053 761 3109 Nonii
788 3068 838 3111 p.
882 3051 1009 3111 121,
1053 3052 1231 3109 probat
1270 3052 1511 3111 Berylcius
1560 3051 1742 3094 annali.
1779 3049 1959 3107 pleiloll.
2003 3047 2135 3093 1869

231 3140 277 3183 p.
310 3123 411 3170 479
450 3124 772 3183 proteruitales
809 3125 984 3168 Festus
1144 3121 1243 3168 347
1283 3121 1423 3167 iubar.
1453 3135 1508 3165 nc
1549 3121 1782 3166 Varronis
1806 3119 1956 3164 Laur.
1987 3117 2079 3175 51,
2108 3117 2137 3162 5

231 3198 398 3253 priore
421 3197 542 3240 loco.
655 3193 755 3240 348
797 3193 869 3238 odi
908 3207 993 3253 ego
1035 3195 1109 3238 icet
1137 3207 1246 3253 ergo
1278 3192 1350 3237 odi
1379 3193 1580 3237 Bolleius
1619 3204 1703 3250 ego
1742 3189 1815 3234 odi
1840 3190 1975 3246 libri,
2016 3189 2142 3247 quod

235 3267 340 3311 olim
367 3268 434 3310 ita
456 3265 643 3322 tuebar,
671 3270 720 3309 ut
738 3267 946 3322 primam
968 3277 1140 3309 uersus
1160 3264 1393 3322 syllabam
1415 3263 1652 3308 excidisse
1674 3264 1948 3306 statuerem.
1979 3259 2138 3302 Erunt

232 3335 449 3394 fortasse
475 3337 557 3394 qui
581 3348 667 3394 ego
696 3333 769 3379 odi
797 3335 1012 3379 homones
1041 3336 1379 3380 commendent.
1490 3331 1589 3378 349
1623 3338 1670 3376 tu
1698 3330 2000 3376 cornisrontes
2039 3341 2138 3386 pas-

237 3418 336 3449 cere
375 3412 594 3450 armentas
632 3404 751 3449 soles
786 3405 959 3450 Iunz'us
995 3411 1045 3448 tu
1081 3403 1386 3449 curuisrontes
1423 3418 1467 3462 p.
1507 3417 1546 3446 a.
1584 3417 1621 3447 s.
1652 3401 1875 3455 Seruius,
1918 3397 2141 3456 Senti-oet*

239 3474 362 3520 Coni.
394 3490 446 3533 p.
475 3475 502 3520 7
545 3480 592 3518 tu
630 3488 813 3534 pascere
851 3473 1152 3520 cornifrontes
1192 3474 1312 3519 soles
1344 3479 1564 3518 armentas
1593 3473 1777 3517 Nonius
1884 3467 1986 3513 350
2012 3466 2139 3512 0001-

237 3544 330 3588 uite
357 3542 442 3601 (sc.
469 3556 494 3589 e
518 3544 734 3603 latebris)
761 3545 1083 3604 Kiesstinyins
1121 3544 1291 3589 001οἰῑο
1316 3545 1430 3590 libri
1466 3556 1558 3588 cam
1589 3541 1759 3586 uoluite
1788 3538 2001 3583 uolebam
2027 3537 2137 3582 licus

238 3613 410 3658 uoluite
451 3615 687 3661 Vsenerus
724 3615 902 3660 auellitc
938 3616 1272 3661 Bicechelerus
1424 3626 1548 3658 coma
1589 3615 1772 3655 tractate
1809 3608 2138 3666 coniungenda
