<?xml version="1.0" encoding="UTF-8"?>
<!DOCTYPE html PUBLIC "-//W3C//DTD XHTML 1.0 Transitional//EN"
    "http://www.w3.org/TR/xhtml1/DTD/xhtml1-transitional.dtd">
<html xmlns="http://www.w3.org/1999/xhtml" xml:lang="en" lang="en">
 <head>
  <title>
</title>
<meta http-equiv="Content-Type" content="text/html;charset=utf-8" />
  <meta name='ocr-system' content='tesseract 3.04.00' />
  <meta name='ocr-capabilities' content='ocr_page ocr_carea ocr_par ocr_line ocrx_word'/>
</head>
<body>
  <div class='ocr_page' id='page_1' title='image "./scaenicaeromano01ribbuoft_0247.png"; bbox 0 0 2294 3844; ppageno 0'>
   <div class='ocr_carea' id='block_1_1' title="bbox 991 291 2096 341">
    <p class='ocr_par' dir='ltr' id='par_1_1' title="bbox 991 291 2096 341">
     <span class='ocr_line' id='line_1_1' title="bbox 991 291 2096 341; baseline 0.005 -6"><span class='ocrx_word' id='word_1_1' title='bbox 991 297 1042 336; x_wconf 86' lang='lat' dir='ltr'>L.</span> <span class='ocrx_word' id='word_1_2' title='bbox 1075 295 1292 335; x_wconf 73' lang='lat' dir='ltr'>A&#39;r’rlvs</span> <span class='ocrx_word' id='word_1_3' title='bbox 1997 291 2096 341; x_wconf 78' lang='lat'>149</span> 
     </span>
    </p>
   </div>
   <div class='ocr_carea' id='block_1_2' title="bbox 327 421 1968 880">
    <p class='ocr_par' dir='ltr' id='par_1_2' title="bbox 327 421 1968 880">
     <span class='ocr_line' id='line_1_2' title="bbox 1047 421 1223 494; baseline 0.006 -18"><span class='ocrx_word' id='word_1_4' title='bbox 1047 424 1099 476; x_wconf 90' lang='grc' dir='ltr'>Π</span> <span class='ocrx_word' id='word_1_5' title='bbox 1141 421 1223 494; x_wconf 80' lang='lat'>(5)</span> 
     </span>
     <span class='ocr_line' id='line_1_3' title="bbox 328 519 1543 574; baseline -0.004 0"><span class='ocrx_word' id='word_1_6' title='bbox 328 522 462 574; x_wconf 79' lang='lat' dir='ltr'>Cum</span> <span class='ocrx_word' id='word_1_7' title='bbox 501 520 776 574; x_wconf 66' lang='lat' dir='ltr'>nl&#39;nxeriui-</span> <span class='ocrx_word' id='word_1_8' title='bbox 816 521 1124 573; x_wconf 71' lang='lat' dir='ltr'>caelestium</span> <span class='ocrx_word' id='word_1_9' title='bbox 1164 521 1358 572; x_wconf 64' lang='lat' dir='ltr'>molem</span> <span class='ocrx_word' id='word_1_10' title='bbox 1399 519 1543 570; x_wconf 84' lang='lat' dir='ltr'>mihi.</span> 
     </span>
     <span class='ocr_line' id='line_1_4' title="bbox 327 712 1968 795; baseline -0.002 -29"><span class='ocrx_word' id='word_1_11' title='bbox 327 714 741 795; x_wconf 54' lang='lat' dir='ltr'>Nquu</span> <span class='ocrx_word' id='word_1_12' title='bbox 787 715 1015 766; x_wconf 66' lang='lat' dir='ltr'>facultas</span> <span class='ocrx_word' id='word_1_13' title='bbox 1057 714 1211 765; x_wconf 70' lang='lat' dir='ltr'>nobis</span> <span class='ocrx_word' id='word_1_14' title='bbox 1253 714 1390 764; x_wconf 58' lang='lat' dir='ltr'>tulat-</span> <span class='ocrx_word' id='word_1_15' title='bbox 1431 730 1608 779; x_wconf 82' lang='lat' dir='ltr'>opem,</span> <span class='ocrx_word' id='word_1_16' title='bbox 1649 712 1865 779; x_wconf 64' lang='lat' dir='ltr'>pere-{un</span> <span class='ocrx_word' id='word_1_17' title='bbox 1907 753 1916 762; x_wconf 94' lang='lat'><strong><em>.</em></strong></span> <span class='ocrx_word' id='word_1_18' title='bbox 1960 753 1968 762; x_wconf 89' lang='lat'><strong>.</strong></span> 
     </span>
     <span class='ocr_line' id='line_1_5' title="bbox 1011 807 1253 880; baseline -0.004 -19"><span class='ocrx_word' id='word_1_19' title='bbox 1011 810 1091 862; x_wconf 81' lang='lat' dir='ltr'>IV</span> <span class='ocrx_word' id='word_1_20' title='bbox 1133 807 1253 880; x_wconf 78' lang='lat'>(13)</span> 
     </span>
    </p>
   </div>
   <div class='ocr_carea' id='block_1_3' title="bbox 185 872 2092 997">
    <p class='ocr_par' dir='ltr' id='par_1_3' title="bbox 185 872 2092 997">
     <span class='ocr_line' id='line_1_6' title="bbox 258 872 285 895; baseline 0 0"><span class='ocrx_word' id='word_1_21' title='bbox 258 872 285 895; x_wconf 69' lang='lat' dir='ltr'>o</span> 
     </span>
     <span class='ocr_line' id='line_1_7' title="bbox 185 873 2092 997; baseline -0.008 -35"><span class='ocrx_word' id='word_1_22' title='bbox 185 873 289 997; x_wconf 46' lang='lat'>{31</span> <span class='ocrx_word' id='word_1_23' title='bbox 329 907 441 959; x_wconf 74' lang='lat' dir='ltr'>Nee</span> <span class='ocrx_word' id='word_1_24' title='bbox 483 906 610 977; x_wconf 76' lang='lat' dir='ltr'>ques</span> <span class='ocrx_word' id='word_1_25' title='bbox 639 910 690 960; x_wconf 75' lang='lat' dir='ltr'>te</span> <span class='ocrx_word' id='word_1_26' title='bbox 718 907 952 959; x_wconf 68' lang='lat' dir='ltr'>adiutem</span> <span class='ocrx_word' id='word_1_27' title='bbox 977 907 1217 958; x_wconf 67' lang='lat' dir='ltr'>inuenio:</span> <span class='ocrx_word' id='word_1_28' title='bbox 1258 905 1462 958; x_wconf 71' lang='lat' dir='ltr'>hortari</span> <span class='ocrx_word' id='word_1_29' title='bbox 1491 902 1664 972; x_wconf 69' lang='lat' dir='ltr'>piget,</span> <span class='ocrx_word' id='word_1_30' title='bbox 1703 921 1813 956; x_wconf 84' lang='lat' dir='ltr'>non</span> <span class='ocrx_word' id='word_1_31' title='bbox 1840 903 2092 971; x_wconf 67' lang='lat' dir='ltr'>prodesse</span> 
     </span>
    </p>
   </div>
   <div class='ocr_carea' id='block_1_4' title="bbox 1515 998 1790 1068">
    <p class='ocr_par' dir='ltr' id='par_1_4' title="bbox 1515 998 1790 1068">
     <span class='ocr_line' id='line_1_8' title="bbox 1515 998 1790 1068; baseline 0.004 -17"><span class='ocrx_word' id='word_1_32' title='bbox 1515 998 1571 1052; x_wconf 83' lang='lat' dir='ltr'>1‘d</span> <span class='ocrx_word' id='word_1_33' title='bbox 1611 999 1790 1068; x_wconf 71' lang='lat' dir='ltr'>pudet.</span> 
     </span>
    </p>
   </div>
   <div class='ocr_carea' id='block_1_5' title="bbox 188 1074 1759 1340">
    <p class='ocr_par' dir='ltr' id='par_1_5' title="bbox 188 1074 1759 1340">
     <span class='ocr_line' id='line_1_9' title="bbox 190 1074 1223 1190; baseline -0.004 -1"><span class='ocrx_word' id='word_1_34' title='bbox 190 1139 290 1190; x_wconf 76' lang='grc' dir='ltr'>1οἵ)</span> <span class='ocrx_word' id='word_1_35' title='bbox 1048 1077 1098 1130; x_wconf 76' lang='lat' dir='ltr'>V</span> <span class='ocrx_word' id='word_1_36' title='bbox 1140 1074 1223 1146; x_wconf 66' lang='lat'>(2)</span> 
     </span>
     <span class='ocr_line' id='line_1_10' title="bbox 188 1173 1759 1264; baseline -0.003 -37"><span class='ocrx_word' id='word_1_37' title='bbox 188 1186 288 1264; x_wconf 49' lang='grc' dir='ltr'>ωδ</span> <span class='ocrx_word' id='word_1_38' title='bbox 332 1175 592 1228; x_wconf 76' lang='lat' dir='ltr'>Muliebre</span> <span class='ocrx_word' id='word_1_39' title='bbox 633 1176 932 1245; x_wconf 74' lang='lat' dir='ltr'>ingenium,</span> <span class='ocrx_word' id='word_1_40' title='bbox 973 1174 1301 1249; x_wconf 59' lang='lat' dir='ltr'>prolubium,</span> <span class='ocrx_word' id='word_1_41' title='bbox 1342 1173 1550 1225; x_wconf 65' lang='lat' dir='ltr'>occ-[isio</span> <span class='ocrx_word' id='word_1_42' title='bbox 1594 1214 1603 1223; x_wconf 96' lang='lat'><strong><em>.</em></strong></span> <span class='ocrx_word' id='word_1_43' title='bbox 1646 1214 1655 1222; x_wconf 96' lang='lat'><strong><em>.</em></strong></span> <span class='ocrx_word' id='word_1_44' title='bbox 1699 1213 1707 1222; x_wconf 93' lang='lat'>.</span> <span class='ocrx_word' id='word_1_45' title='bbox 1751 1213 1759 1222; x_wconf 93' lang='lat'>.</span> 
     </span>
     <span class='ocr_line' id='line_1_11' title="bbox 1035 1268 1240 1340; baseline -0.005 -17"><span class='ocrx_word' id='word_1_46' title='bbox 1035 1270 1112 1323; x_wconf 89' lang='lat' dir='ltr'>VI</span> <span class='ocrx_word' id='word_1_47' title='bbox 1158 1268 1240 1340; x_wconf 75' lang='lat'>(7)</span> 
     </span>
    </p>
   </div>
   <div class='ocr_carea' id='block_1_6' title="bbox 891 1366 1712 1436">
    <p class='ocr_par' dir='ltr' id='par_1_6' title="bbox 891 1366 1712 1436">
     <span class='ocr_line' id='line_1_12' title="bbox 891 1366 1712 1436; baseline -0.004 -17"><span class='ocrx_word' id='word_1_48' title='bbox 891 1385 1122 1436; x_wconf 79' lang='lat' dir='ltr'>namque</span> <span class='ocrx_word' id='word_1_49' title='bbox 1162 1370 1222 1418; x_wconf 71' lang='lat' dir='ltr'>ul:</span> <span class='ocrx_word' id='word_1_50' title='bbox 1262 1367 1435 1418; x_wconf 68' lang='lat' dir='ltr'>(licam</span> <span class='ocrx_word' id='word_1_51' title='bbox 1475 1366 1528 1418; x_wconf 67' lang='lat' dir='ltr'>te</span> <span class='ocrx_word' id='word_1_52' title='bbox 1568 1367 1712 1416; x_wconf 72' lang='lat' dir='ltr'>metu</span> 
     </span>
    </p>
   </div>
   <div class='ocr_carea' id='block_1_7' title="bbox 180 1511 2098 2068">
    <p class='ocr_par' dir='ltr' id='par_1_7' title="bbox 180 1511 2098 1966">
     <span class='ocr_line' id='line_1_13' title="bbox 295 1511 2097 1569; baseline -0.006 -11"><span class='ocrx_word' id='word_1_53' title='bbox 295 1519 335 1558; x_wconf 92' lang='lat'>11</span> <span class='ocrx_word' id='word_1_54' title='bbox 369 1519 634 1558; x_wconf 74' lang='lat' dir='ltr'><strong>Priscianus</strong></span> <span class='ocrx_word' id='word_1_55' title='bbox 668 1519 707 1557; x_wconf 83' lang='lat' dir='ltr'>X</span> <span class='ocrx_word' id='word_1_56' title='bbox 741 1532 779 1569; x_wconf 90' lang='lat' dir='ltr'>p.</span> <span class='ocrx_word' id='word_1_57' title='bbox 808 1517 889 1556; x_wconf 71' lang='lat'>382</span> <span class='ocrx_word' id='word_1_58' title='bbox 924 1517 970 1558; x_wconf 84' lang='lat' dir='ltr'>P.</span> <span class='ocrx_word' id='word_1_59' title='bbox 1007 1516 1203 1567; x_wconf 78' lang='lat' dir='ltr'>‘ninguo</span> <span class='ocrx_word' id='word_1_60' title='bbox 1237 1527 1414 1567; x_wconf 87' lang='lat' dir='ltr'>quoque</span> <span class='ocrx_word' id='word_1_61' title='bbox 1447 1513 1628 1562; x_wconf 85' lang='lat' dir='ltr'>ninxi,</span> <span class='ocrx_word' id='word_1_62' title='bbox 1660 1511 1779 1551; x_wconf 86' lang='lat' dir='ltr'>unde</span> <span class='ocrx_word' id='word_1_63' title='bbox 1816 1515 1861 1550; x_wconf 78' lang='lat' dir='ltr'>et</span> <span class='ocrx_word' id='word_1_64' title='bbox 1894 1512 1970 1550; x_wconf 82' lang='lat' dir='ltr'>nix</span> <span class='ocrx_word' id='word_1_65' title='bbox 2004 1542 2012 1551; x_wconf 91' lang='lat'><strong><em>.</em></strong></span> <span class='ocrx_word' id='word_1_66' title='bbox 2033 1514 2097 1549; x_wconf 89' lang='grc'>..’</span> 
     </span>
     <span class='ocr_line' id='line_1_14' title="bbox 181 1566 2096 1628; baseline -0.005 -13"><span class='ocrx_word' id='word_1_67' title='bbox 181 1575 394 1625; x_wconf 76' lang='lat' dir='ltr'>(actius</span> <span class='ocrx_word' id='word_1_68' title='bbox 427 1576 538 1628; x_wconf 79' lang='lat' dir='ltr'>Reg.</span> <span class='ocrx_word' id='word_1_69' title='bbox 572 1576 625 1614; x_wconf 91' lang='lat' dir='ltr'>in</span> <span class='ocrx_word' id='word_1_70' title='bbox 656 1573 1004 1613; x_wconf 82' lang='lat' dir='ltr'>Andromeda</span> <span class='ocrx_word' id='word_1_71' title='bbox 1038 1585 1123 1615; x_wconf 85' lang='lat' dir='ltr'>om,</span> <span class='ocrx_word' id='word_1_72' title='bbox 1163 1571 1324 1623; x_wconf 85' lang='lat' dir='ltr'>Sang.)</span> <span class='ocrx_word' id='word_1_73' title='bbox 1499 1570 1566 1609; x_wconf 89' lang='lat'>111</span> <span class='ocrx_word' id='word_1_74' title='bbox 1596 1568 1858 1608; x_wconf 82' lang='lat' dir='ltr'>Macrobius</span> <span class='ocrx_word' id='word_1_75' title='bbox 1901 1567 1955 1606; x_wconf 87' lang='lat' dir='ltr'>de</span> <span class='ocrx_word' id='word_1_76' title='bbox 2000 1566 2096 1606; x_wconf 82' lang='lat' dir='ltr'>diff.</span> 
     </span>
     <span class='ocr_line' id='line_1_15' title="bbox 180 1624 2095 1680; baseline -0.005 -7"><span class='ocrx_word' id='word_1_77' title='bbox 180 1637 225 1673; x_wconf 84' lang='lat' dir='ltr'>et</span> <span class='ocrx_word' id='word_1_78' title='bbox 258 1645 346 1673; x_wconf 86' lang='lat' dir='ltr'>soc.</span> <span class='ocrx_word' id='word_1_79' title='bbox 382 1632 455 1674; x_wconf 85' lang='lat' dir='ltr'>Gr.</span> <span class='ocrx_word' id='word_1_80' title='bbox 501 1635 547 1671; x_wconf 85' lang='lat' dir='ltr'>et</span> <span class='ocrx_word' id='word_1_81' title='bbox 587 1632 686 1672; x_wconf 83' lang='lat' dir='ltr'>Lat.</span> <span class='ocrx_word' id='word_1_82' title='bbox 729 1630 857 1670; x_wconf 85' lang='lat' dir='ltr'>uerbi</span> <span class='ocrx_word' id='word_1_83' title='bbox 897 1632 942 1679; x_wconf 80' lang='lat'>6,</span> <span class='ocrx_word' id='word_1_84' title='bbox 982 1631 1032 1668; x_wconf 65' lang='lat'>14</span> <span class='ocrx_word' id='word_1_85' title='bbox 1065 1629 1130 1679; x_wconf 90' lang='lat' dir='ltr'>(in</span> <span class='ocrx_word' id='word_1_86' title='bbox 1163 1628 1300 1669; x_wconf 86' lang='lat' dir='ltr'>Keilii</span> <span class='ocrx_word' id='word_1_87' title='bbox 1340 1640 1525 1680; x_wconf 79' lang='lat' dir='ltr'>gramm.</span> <span class='ocrx_word' id='word_1_88' title='bbox 1561 1627 1683 1668; x_wconf 57' lang='lat' dir='ltr'>Lam,</span> <span class='ocrx_word' id='word_1_89' title='bbox 1731 1625 1817 1666; x_wconf 89' lang='lat' dir='ltr'>uol.</span> <span class='ocrx_word' id='word_1_90' title='bbox 1853 1626 1890 1663; x_wconf 89' lang='lat' dir='ltr'>V</span> <span class='ocrx_word' id='word_1_91' title='bbox 1925 1637 1964 1676; x_wconf 89' lang='lat' dir='ltr'>p.</span> <span class='ocrx_word' id='word_1_92' title='bbox 1997 1624 2095 1664; x_wconf 59' lang='lat'>6⁰7)</span> 
     </span>
     <span class='ocr_line' id='line_1_16' title="bbox 181 1680 2098 1732; baseline -0.005 -4"><span class='ocrx_word' id='word_1_93' title='bbox 181 1689 306 1730; x_wconf 75' lang='lat' dir='ltr'>‘fero</span> <span class='ocrx_word' id='word_1_94' title='bbox 341 1689 425 1728; x_wconf 78' lang='lat' dir='ltr'>tuli</span> <span class='ocrx_word' id='word_1_95' title='bbox 460 1694 506 1728; x_wconf 83' lang='lat' dir='ltr'>et</span> <span class='ocrx_word' id='word_1_96' title='bbox 538 1688 648 1728; x_wconf 89' lang='lat' dir='ltr'>tollo</span> <span class='ocrx_word' id='word_1_97' title='bbox 682 1687 765 1727; x_wconf 86' lang='lat' dir='ltr'>tuli</span> <span class='ocrx_word' id='word_1_98' title='bbox 795 1718 803 1726; x_wconf 96' lang='lat'>.</span> <span class='ocrx_word' id='word_1_99' title='bbox 823 1717 860 1727; x_wconf 89' lang='lat'>..</span> <span class='ocrx_word' id='word_1_100' title='bbox 901 1686 1068 1726; x_wconf 76' lang='lat' dir='ltr'>Accius</span> <span class='ocrx_word' id='word_1_101' title='bbox 1100 1699 1209 1725; x_wconf 86' lang='lat' dir='ltr'>uero</span> <span class='ocrx_word' id='word_1_102' title='bbox 1241 1686 1288 1724; x_wconf 86' lang='lat' dir='ltr'>in</span> <span class='ocrx_word' id='word_1_103' title='bbox 1310 1683 1599 1724; x_wconf 83' lang='lat' dir='ltr'><strong>Andromeda</strong></span> <span class='ocrx_word' id='word_1_104' title='bbox 1631 1683 1770 1723; x_wconf 81' lang='lat' dir='ltr'>etiam</span> <span class='ocrx_word' id='word_1_105' title='bbox 1794 1694 1846 1720; x_wconf 82' lang='lat' dir='ltr'>ex</span> <span class='ocrx_word' id='word_1_106' title='bbox 1871 1695 1944 1727; x_wconf 86' lang='lat' dir='ltr'>co,</span> <span class='ocrx_word' id='word_1_107' title='bbox 1979 1680 2098 1732; x_wconf 81' lang='lat' dir='ltr'>quod</span> 
     </span>
     <span class='ocr_line' id='line_1_17' title="bbox 180 1737 2096 1797; baseline -0.006 -12"><span class='ocrx_word' id='word_1_108' title='bbox 180 1751 249 1785; x_wconf 76' lang='lat' dir='ltr'>est</span> <span class='ocrx_word' id='word_1_109' title='bbox 279 1745 425 1794; x_wconf 80' lang='lat' dir='ltr'>tulo,</span> <span class='ocrx_word' id='word_1_110' title='bbox 460 1746 591 1797; x_wconf 85' lang='lat' dir='ltr'>quasi</span> <span class='ocrx_word' id='word_1_111' title='bbox 624 1759 650 1784; x_wconf 79' lang='lat' dir='ltr'>a</span> <span class='ocrx_word' id='word_1_112' title='bbox 682 1744 882 1784; x_wconf 70' lang='lat' dir='ltr'>themate</span> <span class='ocrx_word' id='word_1_113' title='bbox 915 1743 1045 1791; x_wconf 84' lang='lat' dir='ltr'>tuli,</span> <span class='ocrx_word' id='word_1_114' title='bbox 1083 1742 1305 1781; x_wconf 79' lang='lat' dir='ltr'>declinat:</span> <span class='ocrx_word' id='word_1_115' title='bbox 1340 1741 1455 1780; x_wconf 84' lang='lat' dir='ltr'>nisi&#39;</span> <span class='ocrx_word' id='word_1_116' title='bbox 1491 1754 1527 1780; x_wconf 87' lang='lat' dir='ltr'>e.</span> <span class='ocrx_word' id='word_1_117' title='bbox 1556 1753 1599 1791; x_wconf 89' lang='lat' dir='ltr'>q.</span> <span class='ocrx_word' id='word_1_118' title='bbox 1627 1752 1659 1779; x_wconf 85' lang='lat' dir='ltr'>s.</span> <span class='ocrx_word' id='word_1_119' title='bbox 1767 1738 1829 1778; x_wconf 94' lang='lat' dir='ltr'>lV</span> <span class='ocrx_word' id='word_1_120' title='bbox 1861 1737 1976 1778; x_wconf 85' lang='lat' dir='ltr'>Non.</span> <span class='ocrx_word' id='word_1_121' title='bbox 1999 1738 2096 1779; x_wconf 65' lang='lat'>424,</span> 
     </span>
     <span class='ocr_line' id='line_1_18' title="bbox 180 1794 2096 1855; baseline -0.006 -13"><span class='ocrx_word' id='word_1_122' title='bbox 180 1805 204 1842; x_wconf 72' lang='grc' dir='ltr'>ἓ..)</span> <span class='ocrx_word' id='word_1_123' title='bbox 249 1802 450 1855; x_wconf 77' lang='lat' dir='ltr'>‘pudet</span> <span class='ocrx_word' id='word_1_124' title='bbox 491 1802 733 1854; x_wconf 54' lang='lat' dir='ltr'>etpiget</span> <span class='ocrx_word' id='word_1_125' title='bbox 771 1801 857 1841; x_wconf 90' lang='lat' dir='ltr'>hoc</span> <span class='ocrx_word' id='word_1_126' title='bbox 899 1800 1062 1838; x_wconf 80' lang='lat' dir='ltr'>distat:</span> <span class='ocrx_word' id='word_1_127' title='bbox 1107 1799 1244 1851; x_wconf 79' lang='lat' dir='ltr'>pudet</span> <span class='ocrx_word' id='word_1_128' title='bbox 1285 1799 1403 1838; x_wconf 89' lang='lat' dir='ltr'>enim</span> <span class='ocrx_word' id='word_1_129' title='bbox 1442 1795 1753 1836; x_wconf 82' lang='lat' dir='ltr'>uerecundiae</span> <span class='ocrx_word' id='word_1_130' title='bbox 1797 1799 1888 1846; x_wconf 84' lang='lat' dir='ltr'>est,</span> <span class='ocrx_word' id='word_1_131' title='bbox 1938 1794 2096 1845; x_wconf 74' lang='lat' dir='ltr'>pigere</span> 
     </span>
     <span class='ocr_line' id='line_1_19' title="bbox 184 1849 2096 1910; baseline -0.005 -14"><span class='ocrx_word' id='word_1_132' title='bbox 184 1859 499 1910; x_wconf 83' lang='lat' dir='ltr'>paenitentiae</span> <span class='ocrx_word' id='word_1_133' title='bbox 640 1857 802 1897; x_wconf 83' lang='lat' dir='ltr'>Accius</span> <span class='ocrx_word' id='word_1_134' title='bbox 834 1856 1134 1908; x_wconf 77' lang='lat' dir='ltr'>Neoptolemo</span> <span class='ocrx_word' id='word_1_135' title='bbox 1165 1886 1175 1896; x_wconf 86' lang='lat'><strong>.</strong></span> <span class='ocrx_word' id='word_1_136' title='bbox 1203 1887 1212 1897; x_wconf 91' lang='lat'><strong>.</strong></span> <span class='ocrx_word' id='word_1_137' title='bbox 1238 1887 1246 1895; x_wconf 93' lang='lat'><strong>.</strong></span> <span class='ocrx_word' id='word_1_138' title='bbox 1278 1854 1399 1893; x_wconf 87' lang='lat' dir='ltr'>idem</span> <span class='ocrx_word' id='word_1_139' title='bbox 1431 1855 1665 1906; x_wconf 86' lang='lat' dir='ltr'>Anprom</span> <span class='ocrx_word' id='word_1_140' title='bbox 1682 1851 1782 1891; x_wconf 81' lang='lat' dir='ltr'>eda</span> <span class='ocrx_word' id='word_1_141' title='bbox 1817 1882 1827 1891; x_wconf 86' lang='lat'><strong>.</strong></span> <span class='ocrx_word' id='word_1_142' title='bbox 1855 1883 1864 1892; x_wconf 94' lang='lat'>.</span> <span class='ocrx_word' id='word_1_143' title='bbox 1889 1854 1925 1890; x_wconf 77' lang='lat'>,²</span> <span class='ocrx_word' id='word_1_144' title='bbox 1968 1849 2096 1901; x_wconf 78' lang='lat' dir='ltr'>(An-</span> 
     </span>
     <span class='ocr_line' id='line_1_20' title="bbox 183 1907 2096 1966; baseline -0.005 -12"><span class='ocrx_word' id='word_1_145' title='bbox 183 1915 444 1956; x_wconf 84' lang='lat' dir='ltr'>dromeda</span> <span class='ocrx_word' id='word_1_146' title='bbox 475 1915 662 1966; x_wconf 81' lang='lat' dir='ltr'>Lipsius</span> <span class='ocrx_word' id='word_1_147' title='bbox 698 1916 798 1954; x_wconf 72' lang='lat' dir='ltr'>Ant.</span> <span class='ocrx_word' id='word_1_148' title='bbox 836 1915 967 1952; x_wconf 83' lang='lat' dir='ltr'>Lect.</span> <span class='ocrx_word' id='word_1_149' title='bbox 1000 1912 1021 1952; x_wconf 96' lang='lat' dir='ltr'>I</span> <span class='ocrx_word' id='word_1_150' title='bbox 1052 1912 1096 1965; x_wconf 77' lang='lat'>2)</span> <span class='ocrx_word' id='word_1_151' title='bbox 1229 1912 1268 1950; x_wconf 94' lang='lat' dir='ltr'><strong>V</strong></span> <span class='ocrx_word' id='word_1_152' title='bbox 1299 1912 1413 1950; x_wconf 87' lang='lat' dir='ltr'>Non.</span> <span class='ocrx_word' id='word_1_153' title='bbox 1446 1912 1521 1961; x_wconf 75' lang='lat'>64,</span> <span class='ocrx_word' id='word_1_154' title='bbox 1556 1912 1581 1950; x_wconf 84' lang='lat'>8</span> <span class='ocrx_word' id='word_1_155' title='bbox 1615 1907 1959 1960; x_wconf 71' lang='lat' dir='ltr'>‘proluuium</span> <span class='ocrx_word' id='word_1_156' title='bbox 1990 1937 1998 1945; x_wconf 91' lang='lat'><strong>.</strong></span> <span class='ocrx_word' id='word_1_157' title='bbox 2025 1937 2033 1946; x_wconf 94' lang='lat'>.</span> <span class='ocrx_word' id='word_1_158' title='bbox 2060 1909 2096 1946; x_wconf 85' lang='lat'>.’</span> 
     </span>
    </p>

    <p class='ocr_par' dir='ltr' id='par_1_8' title="bbox 182 1963 2090 2068">
     <span class='ocr_line' id='line_1_21' title="bbox 301 1963 2090 2022; baseline -0.006 -10"><span class='ocrx_word' id='word_1_159' title='bbox 301 1973 363 2012; x_wconf 91' lang='lat' dir='ltr'>VI</span> <span class='ocrx_word' id='word_1_160' title='bbox 394 1971 508 2011; x_wconf 88' lang='lat' dir='ltr'>Non.</span> <span class='ocrx_word' id='word_1_161' title='bbox 545 1973 647 2020; x_wconf 73' lang='lat'>174,</span> <span class='ocrx_word' id='word_1_162' title='bbox 690 1973 741 2009; x_wconf 76' lang='lat'>22</span> <span class='ocrx_word' id='word_1_163' title='bbox 784 1970 1071 2022; x_wconf 66' lang='lat' dir='ltr'>‘segnitas</span> <span class='ocrx_word' id='word_1_164' title='bbox 1114 1982 1192 2021; x_wconf 88' lang='lat' dir='ltr'>pro</span> <span class='ocrx_word' id='word_1_165' title='bbox 1244 1968 1460 2020; x_wconf 80' lang='lat' dir='ltr'>segnitia.</span> <span class='ocrx_word' id='word_1_166' title='bbox 1521 1964 1693 2006; x_wconf 86' lang='lat' dir='ltr'>Accius</span> <span class='ocrx_word' id='word_1_167' title='bbox 1732 1963 1962 2004; x_wconf 77' lang='lat' dir='ltr'>Aeneadis</span> <span class='ocrx_word' id='word_1_168' title='bbox 2008 1994 2017 2003; x_wconf 88' lang='lat'>.</span> <span class='ocrx_word' id='word_1_169' title='bbox 2045 1994 2053 2001; x_wconf 92' lang='lat'><strong>.</strong></span> <span class='ocrx_word' id='word_1_170' title='bbox 2082 1993 2090 2001; x_wconf 91' lang='lat'><strong>.</strong></span> 
     </span>
     <span class='ocr_line' id='line_1_22' title="bbox 182 2027 745 2068; baseline -0.004 -1"><span class='ocrx_word' id='word_1_171' title='bbox 182 2028 301 2067; x_wconf 86' lang='lat' dir='ltr'>idem</span> <span class='ocrx_word' id='word_1_172' title='bbox 335 2027 623 2068; x_wconf 81' lang='lat' dir='ltr'>Andromeda</span> <span class='ocrx_word' id='word_1_173' title='bbox 654 2058 662 2067; x_wconf 92' lang='lat'><strong>.</strong></span> <span class='ocrx_word' id='word_1_174' title='bbox 683 2031 745 2068; x_wconf 88' lang='lat'>..⁷</span> 
     </span>
    </p>
   </div>
   <div class='ocr_carea' id='block_1_8' title="bbox 350 2124 541 2128">
    <p class='ocr_par' dir='ltr' id='par_1_9' title="bbox 350 2124 541 2128">
     <span class='ocr_line' id='line_1_23' title="bbox 350 2124 541 2128; baseline 0 0"><span class='ocrx_word' id='word_1_175' title='bbox 350 2124 541 2128; x_wconf 95' lang='lat' dir='ltr'> </span> 
     </span>
    </p>
   </div>
   <div class='ocr_carea' id='block_1_9' title="bbox 178 2169 2101 3717">
    <p class='ocr_par' dir='ltr' id='par_1_10' title="bbox 178 2169 2101 3717">
     <span class='ocr_line' id='line_1_24' title="bbox 178 2169 2096 2236; baseline -0.005 -13"><span class='ocrx_word' id='word_1_176' title='bbox 178 2184 291 2236; x_wconf 84' lang='lat' dir='ltr'>post</span> <span class='ocrx_word' id='word_1_177' title='bbox 323 2177 564 2222; x_wconf 78' lang='lat' dir='ltr'>Osaunum</span> <span class='ocrx_word' id='word_1_178' title='bbox 602 2177 666 2221; x_wconf 88' lang='lat' dir='ltr'>ad</span> <span class='ocrx_word' id='word_1_179' title='bbox 695 2175 789 2220; x_wconf 86' lang='lat' dir='ltr'>Cic.</span> <span class='ocrx_word' id='word_1_180' title='bbox 829 2177 885 2220; x_wconf 79' lang='lat' dir='ltr'>(le</span> <span class='ocrx_word' id='word_1_181' title='bbox 922 2189 1024 2232; x_wconf 84' lang='lat' dir='ltr'>rep.</span> <span class='ocrx_word' id='word_1_182' title='bbox 1057 2189 1107 2232; x_wconf 86' lang='lat' dir='ltr'>p.</span> <span class='ocrx_word' id='word_1_183' title='bbox 1138 2173 1236 2219; x_wconf 84' lang='lat'>379</span> <span class='ocrx_word' id='word_1_184' title='bbox 1267 2173 1599 2218; x_wconf 77' lang='lat' dir='ltr'>Buechelerus</span> <span class='ocrx_word' id='word_1_185' title='bbox 1639 2171 1767 2216; x_wconf 78' lang='lat' dir='ltr'>Coui.</span> <span class='ocrx_word' id='word_1_186' title='bbox 1797 2171 1903 2215; x_wconf 88' lang='lat' dir='ltr'>Lat.</span> <span class='ocrx_word' id='word_1_187' title='bbox 1936 2169 1998 2214; x_wconf 87' lang='lat'>13</span> <span class='ocrx_word' id='word_1_188' title='bbox 2026 2182 2096 2227; x_wconf 79' lang='lat' dir='ltr'>sq.</span> 
     </span>
     <span class='ocr_line' id='line_1_25' title="bbox 182 2239 2095 2294; baseline -0.005 -1"><span class='ocrx_word' id='word_1_189' title='bbox 182 2248 374 2294; x_wconf 88' lang='lat' dir='ltr'>circulos</span> <span class='ocrx_word' id='word_1_190' title='bbox 410 2249 523 2293; x_wconf 85' lang='lat' dir='ltr'>libri</span> <span class='ocrx_word' id='word_1_191' title='bbox 547 2248 689 2291; x_wconf 84' lang='lat' dir='ltr'>circos</span> <span class='ocrx_word' id='word_1_192' title='bbox 716 2246 970 2291; x_wconf 83' lang='lat' dir='ltr'>Mcrcerus</span> <span class='ocrx_word' id='word_1_193' title='bbox 1074 2258 1209 2289; x_wconf 80' lang='lat' dir='ltr'>cursu</span> <span class='ocrx_word' id='word_1_194' title='bbox 1241 2244 1388 2289; x_wconf 87' lang='lat' dir='ltr'>Vatic.</span> <span class='ocrx_word' id='word_1_195' title='bbox 1431 2256 1563 2287; x_wconf 88' lang='lat' dir='ltr'>curso</span> <span class='ocrx_word' id='word_1_196' title='bbox 1593 2245 1744 2286; x_wconf 85' lang='lat' dir='ltr'>ceteri</span> <span class='ocrx_word' id='word_1_197' title='bbox 1778 2242 1890 2286; x_wconf 84' lang='lat' dir='ltr'>libri</span> <span class='ocrx_word' id='word_1_198' title='bbox 1999 2239 2095 2284; x_wconf 86' lang='lat'>101</span> 
     </span>
     <span class='ocr_line' id='line_1_26' title="bbox 184 2310 2096 2376; baseline -0.006 -12"><span class='ocrx_word' id='word_1_199' title='bbox 184 2320 377 2364; x_wconf 84' lang='lat' dir='ltr'>ninxerit</span> <span class='ocrx_word' id='word_1_200' title='bbox 405 2319 582 2375; x_wconf 50' lang='lat' dir='ltr'>Beria,</span> <span class='ocrx_word' id='word_1_201' title='bbox 617 2318 737 2376; x_wconf 83' lang='lat' dir='ltr'>fort.</span> <span class='ocrx_word' id='word_1_202' title='bbox 768 2323 900 2362; x_wconf 75' lang='lat' dir='ltr'>recle</span> <span class='ocrx_word' id='word_1_203' title='bbox 936 2316 1176 2375; x_wconf 78' lang='lat' dir='ltr'>(Iuppiter</span> <span class='ocrx_word' id='word_1_204' title='bbox 1210 2314 1333 2372; x_wconf 87' lang='lat' dir='ltr'>scil.)</span> <span class='ocrx_word' id='word_1_205' title='bbox 1467 2327 1566 2357; x_wconf 86' lang='lat' dir='ltr'>cum</span> <span class='ocrx_word' id='word_1_206' title='bbox 1605 2312 1799 2356; x_wconf 80' lang='lat' dir='ltr'>ninxerit</span> <span class='ocrx_word' id='word_1_207' title='bbox 1838 2310 2096 2354; x_wconf 61' lang='lat' dir='ltr'>caelestium</span> 
     </span>
     <span class='ocr_line' id='line_1_27' title="bbox 186 2381 2096 2447; baseline -0.005 -13"><span class='ocrx_word' id='word_1_208' title='bbox 186 2390 413 2435; x_wconf 83' lang='lat' dir='ltr'>molimine</span> <span class='ocrx_word' id='word_1_209' title='bbox 444 2390 637 2435; x_wconf 84' lang='lat' dir='ltr'>Grotius</span> <span class='ocrx_word' id='word_1_210' title='bbox 750 2387 845 2434; x_wconf 75' lang='lat'>102</span> <span class='ocrx_word' id='word_1_211' title='bbox 888 2387 993 2447; x_wconf 86' lang='lat' dir='ltr'>quid</span> <span class='ocrx_word' id='word_1_212' title='bbox 1022 2387 1224 2431; x_wconf 78' lang='lat' dir='ltr'>Botliius</span> <span class='ocrx_word' id='word_1_213' title='bbox 1257 2384 1376 2444; x_wconf 85' lang='lat' dir='ltr'>quod</span> <span class='ocrx_word' id='word_1_214' title='bbox 1405 2385 1706 2441; x_wconf 65' lang='lat' dir='ltr'>exemplaria</span> <span class='ocrx_word' id='word_1_215' title='bbox 1737 2381 1915 2441; x_wconf 87' lang='lat' dir='ltr'>quidem</span> <span class='ocrx_word' id='word_1_216' title='bbox 1944 2381 2096 2439; x_wconf 70' lang='lat' dir='ltr'>Bery-</span> 
     </span>
     <span class='ocr_line' id='line_1_28' title="bbox 183 2455 2095 2519; baseline -0.006 -13"><span class='ocrx_word' id='word_1_217' title='bbox 183 2462 291 2506; x_wconf 67' lang='lat' dir='ltr'>lcius·</span> <span class='ocrx_word' id='word_1_218' title='bbox 317 2462 462 2518; x_wconf 75' lang='lat' dir='ltr'>symb.</span> <span class='ocrx_word' id='word_1_219' title='bbox 495 2462 559 2505; x_wconf 90' lang='lat' dir='ltr'>ad</span> <span class='ocrx_word' id='word_1_220' title='bbox 581 2474 780 2519; x_wconf 61' lang='lat' dir='ltr'>gramm.</span> <span class='ocrx_word' id='word_1_221' title='bbox 810 2459 914 2503; x_wconf 85' lang='lat' dir='ltr'>Lat.</span> <span class='ocrx_word' id='word_1_222' title='bbox 943 2458 971 2503; x_wconf 90' lang='lat' dir='ltr'><em>I</em></span> <span class='ocrx_word' id='word_1_223' title='bbox 997 2456 1080 2514; x_wconf 81' lang='lat'>55,</span> <span class='ocrx_word' id='word_1_224' title='bbox 1110 2460 1315 2501; x_wconf 78' lang='lat' dir='ltr'>creticos</span> <span class='ocrx_word' id='word_1_225' title='bbox 1341 2455 1615 2500; x_wconf 76' lang='lat' dir='ltr'>horridulos</span> <span class='ocrx_word' id='word_1_226' title='bbox 1640 2455 1799 2498; x_wconf 81' lang='lat' dir='ltr'>nescio</span> <span class='ocrx_word' id='word_1_227' title='bbox 1828 2465 1945 2510; x_wconf 77' lang='lat' dir='ltr'>quos</span> <span class='ocrx_word' id='word_1_228' title='bbox 1972 2465 2095 2496; x_wconf 90' lang='lat' dir='ltr'>com-</span> 
     </span>
     <span class='ocr_line' id='line_1_29' title="bbox 183 2524 2100 2585; baseline -0.005 -9"><span class='ocrx_word' id='word_1_229' title='bbox 183 2533 426 2577; x_wconf 79' lang='lat' dir='ltr'>mendans.</span> <span class='ocrx_word' id='word_1_230' title='bbox 505 2531 689 2575; x_wconf 77' lang='lat' dir='ltr'>facultas</span> <span class='ocrx_word' id='word_1_231' title='bbox 720 2537 791 2574; x_wconf 81' lang='lat' dir='ltr'>[ua</span> <span class='ocrx_word' id='word_1_232' title='bbox 821 2528 933 2573; x_wconf 82' lang='lat' dir='ltr'>tulat</span> <span class='ocrx_word' id='word_1_233' title='bbox 960 2527 1088 2573; x_wconf 83' lang='lat' dir='ltr'>nobis</span> <span class='ocrx_word' id='word_1_234' title='bbox 1104 2527 1308 2573; x_wconf 79' lang='lat' dir='ltr'>Botliius</span> <span class='ocrx_word' id='word_1_235' title='bbox 1385 2539 1529 2585; x_wconf 86' lang='lat' dir='ltr'>opem,</span> <span class='ocrx_word' id='word_1_236' title='bbox 1561 2537 1738 2584; x_wconf 79' lang='lat' dir='ltr'>peream</span> <span class='ocrx_word' id='word_1_237' title='bbox 1767 2536 1896 2568; x_wconf 80' lang='lat' dir='ltr'>nunc</span> <span class='ocrx_word' id='word_1_238' title='bbox 1922 2524 2100 2579; x_wconf 79' lang='lat' dir='ltr'>scripsi</span> 
     </span>
     <span class='ocr_line' id='line_1_30' title="bbox 183 2594 2101 2661; baseline -0.005 -14"><span class='ocrx_word' id='word_1_239' title='bbox 183 2605 303 2648; x_wconf 85' lang='lat' dir='ltr'>duee</span> <span class='ocrx_word' id='word_1_240' title='bbox 324 2602 628 2661; x_wconf 69' lang='lat' dir='ltr'>Isiessliuyio,</span> <span class='ocrx_word' id='word_1_241' title='bbox 659 2604 742 2660; x_wconf 80' lang='lat' dir='ltr'>qui</span> <span class='ocrx_word' id='word_1_242' title='bbox 767 2599 1007 2660; x_wconf 76' lang='lat' dir='ltr'>peribimus</span> <span class='ocrx_word' id='word_1_243' title='bbox 1036 2601 1110 2644; x_wconf 89' lang='lat' dir='ltr'>uel</span> <span class='ocrx_word' id='word_1_244' title='bbox 1138 2611 1220 2642; x_wconf 87' lang='lat' dir='ltr'>nos</span> <span class='ocrx_word' id='word_1_245' title='bbox 1249 2595 1464 2657; x_wconf 85' lang='lat' dir='ltr'>periimus</span> <span class='ocrx_word' id='word_1_246' title='bbox 1494 2597 1718 2641; x_wconf 79' lang='lat' dir='ltr'>clausula</span> <span class='ocrx_word' id='word_1_247' title='bbox 1745 2606 1938 2639; x_wconf 88' lang='lat' dir='ltr'>uersum</span> <span class='ocrx_word' id='word_1_248' title='bbox 1967 2594 2101 2651; x_wconf 81' lang='lat' dir='ltr'>finiri</span> 
     </span>
     <span class='ocr_line' id='line_1_31' title="bbox 183 2664 2099 2731; baseline -0.006 -13"><span class='ocrx_word' id='word_1_249' title='bbox 183 2675 301 2719; x_wconf 90' lang='lat' dir='ltr'>uult.</span> <span class='ocrx_word' id='word_1_250' title='bbox 349 2673 408 2718; x_wconf 81' lang='lat' dir='ltr'>Iu</span> <span class='ocrx_word' id='word_1_251' title='bbox 446 2674 683 2718; x_wconf 78' lang='lat' dir='ltr'>comoedia</span> <span class='ocrx_word' id='word_1_252' title='bbox 720 2670 860 2731; x_wconf 81' lang='lat' dir='ltr'>probe</span> <span class='ocrx_word' id='word_1_253' title='bbox 899 2671 1138 2715; x_wconf 83' lang='lat' dir='ltr'>adderem.</span> <span class='ocrx_word' id='word_1_254' title='bbox 1179 2682 1360 2728; x_wconf 69' lang='lat' dir='ltr'>oper-&#39;un</span> <span class='ocrx_word' id='word_1_255' title='bbox 1401 2668 1700 2725; x_wconf 72' lang='lat' dir='ltr'>exemplaria</span> <span class='ocrx_word' id='word_1_256' title='bbox 1740 2678 1868 2724; x_wconf 87' lang='lat' dir='ltr'>opem</span> <span class='ocrx_word' id='word_1_257' title='bbox 1901 2664 2099 2708; x_wconf 79' lang='lat' dir='ltr'>Botlzius</span> 
     </span>
     <span class='ocr_line' id='line_1_32' title="bbox 185 2738 2094 2803; baseline -0.006 -15"><span class='ocrx_word' id='word_1_258' title='bbox 185 2757 313 2803; x_wconf 85' lang='lat' dir='ltr'>opem</span> <span class='ocrx_word' id='word_1_259' title='bbox 352 2745 441 2789; x_wconf 85' lang='lat' dir='ltr'>cito</span> <span class='ocrx_word' id='word_1_260' title='bbox 471 2746 575 2789; x_wconf 87' lang='lat' dir='ltr'>olim</span> <span class='ocrx_word' id='word_1_261' title='bbox 599 2745 849 2801; x_wconf 83' lang='lat' dir='ltr'>proposui,</span> <span class='ocrx_word' id='word_1_262' title='bbox 882 2756 987 2786; x_wconf 88' lang='lat' dir='ltr'>eum</span> <span class='ocrx_word' id='word_1_263' title='bbox 1014 2753 1234 2785; x_wconf 81' lang='lat' dir='ltr'>mancum</span> <span class='ocrx_word' id='word_1_264' title='bbox 1262 2753 1354 2784; x_wconf 81' lang='lat' dir='ltr'>uuo</span> <span class='ocrx_word' id='word_1_265' title='bbox 1380 2739 1501 2797; x_wconf 86' lang='lat' dir='ltr'>pede</span> <span class='ocrx_word' id='word_1_266' title='bbox 1529 2738 1588 2782; x_wconf 84' lang='lat' dir='ltr'>ab</span> <span class='ocrx_word' id='word_1_267' title='bbox 1615 2739 1747 2782; x_wconf 80' lang='lat' dir='ltr'>initio</span> <span class='ocrx_word' id='word_1_268' title='bbox 1776 2747 1961 2794; x_wconf 77' lang='lat' dir='ltr'>quoque</span> <span class='ocrx_word' id='word_1_269' title='bbox 1988 2746 2094 2791; x_wconf 88' lang='lat' dir='ltr'>sep-</span> 
     </span>
     <span class='ocr_line' id='line_1_33' title="bbox 184 2805 2100 2870; baseline -0.006 -10"><span class='ocrx_word' id='word_1_270' title='bbox 184 2817 420 2860; x_wconf 81' lang='lat' dir='ltr'>leuarium</span> <span class='ocrx_word' id='word_1_271' title='bbox 455 2820 717 2859; x_wconf 75' lang='lat' dir='ltr'>statuerem</span> <span class='ocrx_word' id='word_1_272' title='bbox 885 2811 981 2858; x_wconf 83' lang='lat'>103</span> <span class='ocrx_word' id='word_1_273' title='bbox 1020 2825 1088 2870; x_wconf 81' lang='lat' dir='ltr'>sq.</span> <span class='ocrx_word' id='word_1_274' title='bbox 1133 2809 1440 2856; x_wconf 77' lang='lat' dir='ltr'>Oetouarium</span> <span class='ocrx_word' id='word_1_275' title='bbox 1476 2809 1729 2854; x_wconf 81' lang='lat' dir='ltr'>iambicum</span> <span class='ocrx_word' id='word_1_276' title='bbox 1766 2807 1954 2865; x_wconf 70' lang='lat' dir='ltr'>quedem</span> <span class='ocrx_word' id='word_1_277' title='bbox 1991 2805 2100 2849; x_wconf 89' lang='lat' dir='ltr'>dedi</span> 
     </span>
     <span class='ocr_line' id='line_1_34' title="bbox 190 2874 2097 2951; baseline -0.006 -21"><span class='ocrx_word' id='word_1_278' title='bbox 190 2888 382 2944; x_wconf 70' lang='lat' dir='ltr'>aytwuit</span> <span class='ocrx_word' id='word_1_279' title='bbox 420 2885 473 2929; x_wconf 90' lang='lat' dir='ltr'>L.</span> <span class='ocrx_word' id='word_1_280' title='bbox 512 2885 717 2930; x_wconf 83' lang='lat' dir='ltr'>Mueller</span> <span class='ocrx_word' id='word_1_281' title='bbox 753 2885 810 2928; x_wconf 89' lang='lat' dir='ltr'>de</span> <span class='ocrx_word' id='word_1_282' title='bbox 850 2896 904 2928; x_wconf 88' lang='lat' dir='ltr'>re</span> <span class='ocrx_word' id='word_1_283' title='bbox 943 2897 1000 2926; x_wconf 86' lang='lat' dir='ltr'>m.</span> <span class='ocrx_word' id='word_1_284' title='bbox 1041 2881 1131 2927; x_wconf 75' lang='lat'>38:</span> <span class='ocrx_word' id='word_1_285' title='bbox 1171 2883 1575 2951; x_wconf 41' lang='lat' dir='ltr'>sepleuarz&#39;orff</span> <span class='ocrx_word' id='word_1_286' title='bbox 1598 2878 1951 2923; x_wconf 79' lang='lat' dir='ltr'>troclzaz‘corum</span> <span class='ocrx_word' id='word_1_287' title='bbox 1984 2874 2097 2933; x_wconf 82' lang='lat' dir='ltr'>fru-</span> 
     </span>
     <span class='ocr_line' id='line_1_35' title="bbox 182 2946 2091 3014; baseline -0.007 -12"><span class='ocrx_word' id='word_1_288' title='bbox 182 2955 322 3013; x_wconf 86' lang='lat' dir='ltr'>stula,</span> <span class='ocrx_word' id='word_1_289' title='bbox 352 2970 552 3014; x_wconf 79' lang='lat' dir='ltr'>quorum</span> <span class='ocrx_word' id='word_1_290' title='bbox 574 2957 715 3013; x_wconf 86' lang='lat' dir='ltr'>prius</span> <span class='ocrx_word' id='word_1_291' title='bbox 731 2959 844 3012; x_wconf 84' lang='lat' dir='ltr'>post</span> <span class='ocrx_word' id='word_1_292' title='bbox 870 2954 997 3013; x_wconf 78' lang='lat' dir='ltr'>piget</span> <span class='ocrx_word' id='word_1_293' title='bbox 1025 2954 1321 3009; x_wconf 79' lang='lat' dir='ltr'>terminetur,</span> <span class='ocrx_word' id='word_1_294' title='bbox 1348 2952 1608 3008; x_wconf 77' lang='lat' dir='ltr'>dispescuit</span> <span class='ocrx_word' id='word_1_295' title='bbox 1633 2947 1960 2993; x_wconf 76' lang='lat' dir='ltr'>Buechelerus</span> <span class='ocrx_word' id='word_1_296' title='bbox 1984 2946 2016 2990; x_wconf 89' lang='lat' dir='ltr'>l.</span> <span class='ocrx_word' id='word_1_297' title='bbox 2040 2947 2091 3001; x_wconf 89' lang='lat' dir='ltr'>l.,</span> 
     </span>
     <span class='ocr_line' id='line_1_36' title="bbox 184 3018 2096 3084; baseline -0.006 -12"><span class='ocrx_word' id='word_1_298' title='bbox 184 3029 511 3082; x_wconf 81' lang='lat' dir='ltr'>senariorum,</span> <span class='ocrx_word' id='word_1_299' title='bbox 554 3039 752 3084; x_wconf 82' lang='lat' dir='ltr'>quorum</span> <span class='ocrx_word' id='word_1_300' title='bbox 788 3026 1046 3082; x_wconf 79' lang='lat' dir='ltr'>posteriori</span> <span class='ocrx_word' id='word_1_301' title='bbox 1084 3028 1182 3068; x_wconf 85' lang='lat' dir='ltr'>tres</span> <span class='ocrx_word' id='word_1_302' title='bbox 1212 3024 1364 3080; x_wconf 85' lang='lat' dir='ltr'>primi</span> <span class='ocrx_word' id='word_1_303' title='bbox 1395 3022 1544 3079; x_wconf 79' lang='lat' dir='ltr'>pectes</span> <span class='ocrx_word' id='word_1_304' title='bbox 1575 3021 1818 3074; x_wconf 84' lang='lat' dir='ltr'>deessent,</span> <span class='ocrx_word' id='word_1_305' title='bbox 1861 3031 1944 3075; x_wconf 69' lang='lat' dir='ltr'>eqo</span> <span class='ocrx_word' id='word_1_306' title='bbox 1973 3018 2096 3062; x_wconf 91' lang='lat' dir='ltr'>olim.</span> 
     </span>
     <span class='ocr_line' id='line_1_37' title="bbox 290 3087 2094 3156; baseline -0.006 -15"><span class='ocrx_word' id='word_1_307' title='bbox 290 3111 346 3142; x_wconf 88' lang='lat' dir='ltr'>ne</span> <span class='ocrx_word' id='word_1_308' title='bbox 386 3097 536 3156; x_wconf 85' lang='lat' dir='ltr'>quiete</span> <span class='ocrx_word' id='word_1_309' title='bbox 573 3097 706 3153; x_wconf 81' lang='lat' dir='ltr'>libri,</span> <span class='ocrx_word' id='word_1_310' title='bbox 755 3097 849 3140; x_wconf 82' lang='lat' dir='ltr'>nisi</span> <span class='ocrx_word' id='word_1_311' title='bbox 884 3095 1011 3153; x_wconf 82' lang='lat' dir='ltr'>quod</span> <span class='ocrx_word' id='word_1_312' title='bbox 1055 3093 1250 3153; x_wconf 86' lang='lat' dir='ltr'>quietem</span> <span class='ocrx_word' id='word_1_313' title='bbox 1294 3106 1376 3138; x_wconf 88' lang='lat' dir='ltr'>ms.</span> <span class='ocrx_word' id='word_1_314' title='bbox 1422 3090 1529 3136; x_wconf 80' lang='lat' dir='ltr'>Iun.</span> <span class='ocrx_word' id='word_1_315' title='bbox 1579 3103 1663 3134; x_wconf 86' lang='lat' dir='ltr'>nec</span> <span class='ocrx_word' id='word_1_316' title='bbox 1701 3089 1775 3148; x_wconf 89' lang='lat' dir='ltr'>qui</span> <span class='ocrx_word' id='word_1_317' title='bbox 1827 3093 1872 3132; x_wconf 89' lang='lat' dir='ltr'>te</span> <span class='ocrx_word' id='word_1_318' title='bbox 1910 3087 2094 3142; x_wconf 83' lang='lat' dir='ltr'>Iunius,</span> 
     </span>
     <span class='ocr_line' id='line_1_38' title="bbox 184 3158 2094 3226; baseline -0.006 -13"><span class='ocrx_word' id='word_1_319' title='bbox 184 3168 373 3226; x_wconf 87' lang='lat' dir='ltr'>Lipsius</span> <span class='ocrx_word' id='word_1_320' title='bbox 398 3167 508 3212; x_wconf 82' lang='lat' dir='ltr'>Ant.</span> <span class='ocrx_word' id='word_1_321' title='bbox 534 3166 664 3211; x_wconf 85' lang='lat' dir='ltr'>Lecl.</span> <span class='ocrx_word' id='word_1_322' title='bbox 694 3167 722 3211; x_wconf 92' lang='grc' dir='ltr'><em>Ι</em></span> <span class='ocrx_word' id='word_1_323' title='bbox 747 3164 794 3218; x_wconf 83' lang='grc'>2,</span> <span class='ocrx_word' id='word_1_324' title='bbox 837 3164 1063 3210; x_wconf 85' lang='lat' dir='ltr'>Cuiacius</span> <span class='ocrx_word' id='word_1_325' title='bbox 1093 3163 1290 3209; x_wconf 84' lang='lat' dir='ltr'>Obseru.</span> <span class='ocrx_word' id='word_1_326' title='bbox 1320 3162 1398 3207; x_wconf 85' lang='lat' dir='ltr'>XI</span> <span class='ocrx_word' id='word_1_327' title='bbox 1423 3161 1485 3206; x_wconf 81' lang='grc'>21</span> <span class='ocrx_word' id='word_1_328' title='bbox 1517 3174 1663 3220; x_wconf 87' lang='lat' dir='ltr'>neque</span> <span class='ocrx_word' id='word_1_329' title='bbox 1702 3159 1778 3218; x_wconf 90' lang='lat' dir='ltr'>qui</span> <span class='ocrx_word' id='word_1_330' title='bbox 1806 3164 1848 3203; x_wconf 75' lang='lat' dir='ltr'>te</span> <span class='ocrx_word' id='word_1_331' title='bbox 1876 3158 2094 3202; x_wconf 76' lang='lat' dir='ltr'>Bueche-</span> 
     </span>
     <span class='ocr_line' id='line_1_39' title="bbox 185 3228 2096 3296; baseline -0.008 -13"><span class='ocrx_word' id='word_1_332' title='bbox 185 3241 318 3283; x_wconf 88' lang='lat' dir='ltr'>lerus</span> <span class='ocrx_word' id='word_1_333' title='bbox 448 3236 620 3281; x_wconf 81' lang='lat' dir='ltr'>adiuter</span> <span class='ocrx_word' id='word_1_334' title='bbox 658 3235 901 3296; x_wconf 68' lang='lat' dir='ltr'>Berykius</span> <span class='ocrx_word' id='word_1_335' title='bbox 936 3234 1062 3279; x_wconf 88' lang='lat' dir='ltr'>Mus.</span> <span class='ocrx_word' id='word_1_336' title='bbox 1107 3233 1258 3279; x_wconf 76' lang='lat' dir='ltr'>Rhen.</span> <span class='ocrx_word' id='word_1_337' title='bbox 1298 3231 1431 3279; x_wconf 79' lang='lat'>1835</span> <span class='ocrx_word' id='word_1_338' title='bbox 1469 3247 1518 3290; x_wconf 82' lang='lat' dir='ltr'>p.</span> <span class='ocrx_word' id='word_1_339' title='bbox 1556 3231 1618 3276; x_wconf 85' lang='lat'>79</span> <span class='ocrx_word' id='word_1_340' title='bbox 1765 3229 1934 3274; x_wconf 78' lang='lat' dir='ltr'>hortari</span> <span class='ocrx_word' id='word_1_341' title='bbox 1971 3228 2096 3286; x_wconf 72' lang='lat' dir='ltr'>piget</span> 
     </span>
     <span class='ocr_line' id='line_1_40' title="bbox 188 3297 2096 3366; baseline -0.007 -13"><span class='ocrx_word' id='word_1_342' title='bbox 188 3308 461 3354; x_wconf 87' lang='lat' dir='ltr'>Scriuerius</span> <span class='ocrx_word' id='word_1_343' title='bbox 501 3307 669 3352; x_wconf 73' lang='lat' dir='ltr'>hortari</span> <span class='ocrx_word' id='word_1_344' title='bbox 706 3306 845 3366; x_wconf 81' lang='lat' dir='ltr'>pudet</span> <span class='ocrx_word' id='word_1_345' title='bbox 883 3307 1013 3362; x_wconf 82' lang='lat' dir='ltr'>libri,</span> <span class='ocrx_word' id='word_1_346' title='bbox 1057 3305 1300 3364; x_wconf 71' lang='lat' dir='ltr'>Berylcius</span> <span class='ocrx_word' id='word_1_347' title='bbox 1334 3306 1365 3348; x_wconf 92' lang='lat' dir='ltr'>l.</span> <span class='ocrx_word' id='word_1_348' title='bbox 1394 3305 1454 3354; x_wconf 84' lang='lat' dir='ltr'>l.‚</span> <span class='ocrx_word' id='word_1_349' title='bbox 1492 3302 1612 3360; x_wconf 86' lang='lat' dir='ltr'>fort.</span> <span class='ocrx_word' id='word_1_350' title='bbox 1652 3304 1780 3344; x_wconf 89' lang='lat' dir='ltr'>recte</span> <span class='ocrx_word' id='word_1_351' title='bbox 1887 3297 1930 3342; x_wconf 89' lang='lat' dir='ltr'>id</span> <span class='ocrx_word' id='word_1_352' title='bbox 1968 3297 2096 3356; x_wconf 82' lang='lat' dir='ltr'>piget</span> 
     </span>
     <span class='ocr_line' id='line_1_41' title="bbox 187 3367 2092 3438; baseline -0.007 -15"><span class='ocrx_word' id='word_1_353' title='bbox 187 3380 310 3436; x_wconf 85' lang='lat' dir='ltr'>edd.,</span> <span class='ocrx_word' id='word_1_354' title='bbox 345 3379 580 3438; x_wconf 70' lang='lat' dir='ltr'>Berylcius</span> <span class='ocrx_word' id='word_1_355' title='bbox 605 3380 635 3423; x_wconf 90' lang='lat' dir='ltr'>l.</span> <span class='ocrx_word' id='word_1_356' title='bbox 663 3379 716 3435; x_wconf 86' lang='lat' dir='ltr'>l.,</span> <span class='ocrx_word' id='word_1_357' title='bbox 741 3377 859 3434; x_wconf 85' lang='lat' dir='ltr'>fort.</span> <span class='ocrx_word' id='word_1_358' title='bbox 891 3381 1021 3421; x_wconf 84' lang='lat' dir='ltr'>recte</span> <span class='ocrx_word' id='word_1_359' title='bbox 1134 3374 1232 3421; x_wconf 85' lang='lat'>105</span> <span class='ocrx_word' id='word_1_360' title='bbox 1261 3388 1328 3433; x_wconf 81' lang='lat' dir='ltr'>sq.</span> <span class='ocrx_word' id='word_1_361' title='bbox 1363 3373 1637 3419; x_wconf 85' lang='lat' dir='ltr'>Troclzaeos</span> <span class='ocrx_word' id='word_1_362' title='bbox 1674 3382 1803 3414; x_wconf 77' lang='lat' dir='ltr'>nunc</span> <span class='ocrx_word' id='word_1_363' title='bbox 1831 3383 1935 3413; x_wconf 90' lang='lat' dir='ltr'>cum</span> <span class='ocrx_word' id='word_1_364' title='bbox 1964 3367 2092 3411; x_wconf 80' lang='lat' dir='ltr'>Bue-</span> 
     </span>
     <span class='ocr_line' id='line_1_42' title="bbox 188 3437 2027 3505; baseline -0.007 -13"><span class='ocrx_word' id='word_1_365' title='bbox 188 3449 376 3493; x_wconf 81' lang='lat' dir='ltr'>elielero</span> <span class='ocrx_word' id='word_1_366' title='bbox 404 3450 652 3505; x_wconf 83' lang='lat' dir='ltr'>discripsi,</span> <span class='ocrx_word' id='word_1_367' title='bbox 696 3450 800 3493; x_wconf 90' lang='lat' dir='ltr'>olim</span> <span class='ocrx_word' id='word_1_368' title='bbox 830 3450 1036 3492; x_wconf 77' lang='lat' dir='ltr'>creticos</span> <span class='ocrx_word' id='word_1_369' title='bbox 1131 3444 1386 3504; x_wconf 88' lang='lat' dir='ltr'>prolubium</span> <span class='ocrx_word' id='word_1_370' title='bbox 1413 3444 1606 3501; x_wconf 87' lang='lat' dir='ltr'>Lipsius</span> <span class='ocrx_word' id='word_1_371' title='bbox 1630 3439 1889 3500; x_wconf 84' lang='lat' dir='ltr'>proluuium</span> <span class='ocrx_word' id='word_1_372' title='bbox 1915 3437 2027 3481; x_wconf 81' lang='lat' dir='ltr'>libri</span> 
     </span>
     <span class='ocr_line' id='line_1_43' title="bbox 192 3506 2098 3575; baseline -0.005 -14"><span class='ocrx_word' id='word_1_373' title='bbox 192 3517 287 3563; x_wconf 86' lang='lat'>107</span> <span class='ocrx_word' id='word_1_374' title='bbox 317 3531 385 3575; x_wconf 84' lang='lat' dir='ltr'>sq.</span> <span class='ocrx_word' id='word_1_375' title='bbox 413 3519 562 3562; x_wconf 82' lang='lat' dir='ltr'>libros</span> <span class='ocrx_word' id='word_1_376' title='bbox 589 3532 716 3563; x_wconf 80' lang='lat' dir='ltr'>nunc</span> <span class='ocrx_word' id='word_1_377' title='bbox 744 3531 847 3562; x_wconf 88' lang='lat' dir='ltr'>eum</span> <span class='ocrx_word' id='word_1_378' title='bbox 878 3518 1174 3562; x_wconf 80' lang='lat' dir='ltr'>Bueclielero</span> <span class='ocrx_word' id='word_1_379' title='bbox 1203 3520 1397 3560; x_wconf 89' lang='lat' dir='ltr'>secutus</span> <span class='ocrx_word' id='word_1_380' title='bbox 1422 3527 1548 3559; x_wconf 87' lang='lat' dir='ltr'>sum.-</span> <span class='ocrx_word' id='word_1_381' title='bbox 1588 3513 1694 3556; x_wconf 87' lang='lat' dir='ltr'>olim</span> <span class='ocrx_word' id='word_1_382' title='bbox 1718 3510 1840 3553; x_wconf 74' lang='lat' dir='ltr'>haec</span> <span class='ocrx_word' id='word_1_383' title='bbox 1879 3512 1929 3551; x_wconf 88' lang='lat' dir='ltr'>ut</span> <span class='ocrx_word' id='word_1_384' title='bbox 1962 3506 2033 3564; x_wconf 67' lang='lat' dir='ltr'>fr.</span> <span class='ocrx_word' id='word_1_385' title='bbox 2063 3506 2098 3551; x_wconf 82' lang='lat' dir='ltr'><em>V</em></span> 
     </span>
     <span class='ocr_line' id='line_1_44' title="bbox 195 3580 2096 3648; baseline -0.006 -17"><span class='ocrx_word' id='word_1_386' title='bbox 195 3590 384 3632; x_wconf 88' lang='lat' dir='ltr'>creticis</span> <span class='ocrx_word' id='word_1_387' title='bbox 408 3590 606 3640; x_wconf 83' lang='lat' dir='ltr'>inclusi,</span> <span class='ocrx_word' id='word_1_388' title='bbox 648 3589 818 3648; x_wconf 79' lang='lat' dir='ltr'>quibus</span> <span class='ocrx_word' id='word_1_389' title='bbox 856 3587 1092 3633; x_wconf 75' lang='lat' dir='ltr'>trochaici</span> <span class='ocrx_word' id='word_1_390' title='bbox 1127 3588 1365 3631; x_wconf 82' lang='lat' dir='ltr'>octonarii</span> <span class='ocrx_word' id='word_1_391' title='bbox 1401 3586 1562 3629; x_wconf 87' lang='lat' dir='ltr'>ultima</span> <span class='ocrx_word' id='word_1_392' title='bbox 1590 3580 1780 3638; x_wconf 87' lang='lat' dir='ltr'>dipodia</span> <span class='ocrx_word' id='word_1_393' title='bbox 1818 3591 2008 3636; x_wconf 80' lang='lat' dir='ltr'>namque</span> <span class='ocrx_word' id='word_1_394' title='bbox 2048 3583 2096 3621; x_wconf 79' lang='lat' dir='ltr'>ut</span> 
     </span>
     <span class='ocr_line' id='line_1_45' title="bbox 194 3647 2019 3717; baseline -0.004 -17"><span class='ocrx_word' id='word_1_395' title='bbox 194 3656 333 3701; x_wconf 76' lang='lat' dir='ltr'>(licam</span> <span class='ocrx_word' id='word_1_396' title='bbox 358 3660 593 3715; x_wconf 84' lang='lat' dir='ltr'>praeiret.</span> <span class='ocrx_word' id='word_1_397' title='bbox 704 3671 893 3717; x_wconf 82' lang='lat' dir='ltr'>namque</span> <span class='ocrx_word' id='word_1_398' title='bbox 935 3663 981 3701; x_wconf 86' lang='lat' dir='ltr'>ut</span> <span class='ocrx_word' id='word_1_399' title='bbox 1021 3662 1064 3701; x_wconf 87' lang='lat' dir='ltr'>te</span> <span class='ocrx_word' id='word_1_400' title='bbox 1101 3662 1225 3701; x_wconf 82' lang='lat' dir='ltr'>metu</span> <span class='ocrx_word' id='word_1_401' title='bbox 1261 3658 1350 3700; x_wconf 82' lang='lat' dir='ltr'>Aut</span> <span class='ocrx_word' id='word_1_402' title='bbox 1387 3653 1609 3712; x_wconf 73' lang='lat' dir='ltr'>segnitate</span> <span class='ocrx_word' id='word_1_403' title='bbox 1649 3649 1786 3694; x_wconf 83' lang='lat' dir='ltr'>dicam</span> <span class='ocrx_word' id='word_1_404' title='bbox 1829 3647 2019 3694; x_wconf 85' lang='lat' dir='ltr'>Vossius</span> 
     </span>
    </p>
   </div>
  </div>
 </body>
</html>
