2294 3844
995 171 1046 220 Q.
1080 171 1298 213 13NN1vs
2035 176 2097 225 31

1035 302 1137 353 VII
1179 301 1262 372 (4)

347 414 427 476 †·o
469 414 553 480 pit·
595 431 709 463 eam
752 430 927 464 secum
969 414 1256 481 aduocauit,

205 510 306 560 125>
349 551 562 560 .....
605 514 733 560 cunt.
773 510 838 560 ad
879 510 1106 578 sontem,
1148 510 1382 560 nitidant
1422 512 1643 578 corpora

1016 634 1151 687 VIII
1193 633 1275 705 (6)

348 746 532 814 Neque
573 748 769 797 terram
812 747 1004 797 inicere
1052 748 1223 814 neque
1272 750 1491 797 cruentat
1541 747 1839 798 connestire
1881 750 2102 816 corpora

348 842 478 893 Mihi
507 840 669 909 licuit,
694 861 789 894 nee
817 844 1039 894 miserae
1067 844 1242 894 laucre
1270 843 1518 894 lacrimae
1546 845 1743 894 sals-um
1771 846 2100 913 sanguinem.

907 1012 1400 1066 ERECHTHEVs

1075 1125 1100 1177 Ι
1143 1124 1226 1195 (1)

346 1222 548 1282 Quibus
591 1225 731 1272 minc
773 1240 1026 1273 aerumna
1066 1223 1183 1273 meti
1224 1222 1526 1273 libertatem
1567 1241 1720 1290 paro,

347 1318 550 1379 Quibus
592 1319 902 1369 seruitutem
944 1320 1061 1369 mezi
1103 1319 1310 1369 miseria
1357 1318 1623 1386 deprecor.

198 1493 317 1520 nune
349 1480 395 1519 in
429 1481 743 1521 controuersia
783 1485 873 1531 est,
916 1481 1001 1521 hoc
1039 1480 1190 1520 modo:
1233 1481 1342 1520 eho'
1385 1494 1422 1523 e.
1460 1494 1500 1532 q.
1532 1494 1566 1523 s.
1620 1481 1758 1521 ‘Nam
1796 1482 1864 1522 ita
1905 1497 1983 1536 pro
2024 1498 2104 1524 suo

198 1538 291 1576 iure
323 1537 408 1576 hoc
431 1536 635 1589 exemplo
657 1540 862 1577 utentem
895 1537 1258 1590 Crespontem
1291 1537 1466 1577 Ennius
1490 1538 1687 1588 induxit,
1722 1540 1853 1590 quasi
1873 1541 1960 1579 iam
1993 1542 2106 1580 satis

199 1593 336 1633 certis
370 1594 626 1633 rationibus
656 1594 722 1633 ita
755 1607 855 1635 esse
889 1594 1283 1635 delrions‘trasse‘t.²
1345 1592 1740 1646 (Thesprotum
1772 1595 1944 1647 primae
1978 1598 2104 1636 fami-

199 1649 290 1690 liae
325 1662 459 1701 quam
493 1650 724 1700 Kayserus
756 1650 893 1690 habet
926 1650 1057 1692 codd.
1091 1654 1138 1690 et
1170 1650 1398 1690 secundae
1432 1651 1589 1690 Bamb.
1625 1655 1669 1690 ct
1699 1650 2019 1703 Emineranus,
2061 1658 2106 1693 et.

200 1708 368 1758 recepit
400 1707 633 1758 Kayserus
665 1707 710 1746 in
743 1707 812 1747 ed.
844 1709 868 1747 2
901 1711 1089 1749 textum.
1136 1707 1546 1759 Tlirespontem
1581 1708 1739 1748 Bamb.
1775 1707 1821 1759 b)
1856 1708 2016 1750 Cicero
2050 1710 2104 1749 de

198 1764 288 1802 inu.
313 1763 331 1802 1
354 1765 422 1812 49,
447 1764 496 1802 91
532 1767 896 1803 ‘eontrouersum
930 1768 1021 1814 est,
1055 1765 1101 1803 in
1138 1776 1223 1815 quo
1248 1764 1302 1803 ad
1327 1763 1511 1804 dubium
1534 1764 1935 1804 demonstrandum
1967 1766 2106 1808 dubia

198 1832 337 1859 causa
370 1819 579 1869 affertur,
612 1820 697 1859 hoe
728 1821 879 1860 modo:
915 1820 1025 1860 eho’
1060 1834 1098 1860 e.
1133 1833 1172 1872 q.
1199 1832 1232 1863 s.
1323 1820 1406 1859 VII
1439 1820 1552 1860 Non.
1589 1822 1684 1873 144,
1719 1823 1771 1860 14
1801 1822 2102 1872 ‘nitidant,

198 1877 412 1924 abluunt,
449 1873 621 1915 dietum
652 1891 678 1916 a
710 1877 870 1917 nitore.
932 1877 1108 1916 Ennius
1139 1876 1237 1917 Cre
1253 1881 1449 1929 sponte
1480 1908 1489 1917 .
1509 1880 1572 1916 ..²
1700 1877 1807 1917 VIII
1839 1880 2102 1918 Macrobius

199 1934 296 1973 Sat.
320 1932 378 1971 Vl
402 1934 440 1982 2,
466 1934 515 1971 21
551 1933 831 1986 ‘Vergilium
865 1946 948 1974 nec
980 1938 1023 1974 te
1056 1938 1137 1973 tua
1170 1934 1332 1973 funera
1363 1938 1508 1973 mater
1539 1934 1734 1973 Produxi
1767 1936 1972 1986 pressiue
2002 1949 2106 1975 ocu-

198 1989 264 2028 los
296 1994 376 2028 aut
407 1988 594 2028 uulnera
625 1989 735 2029 laui.
776 1991 953 2029 Ennius
983 1991 1030 2029 in
1062 1989 1418 2042 Cresphonte
1448 1989 1537 2031 ...'
1573 1990 1967 2043 (cresiphonte
2001 1993 2101 2036 Par,

198 2044 607 2097 Cressiphonte
640 2045 819 2098 Angue..
852 2046 970 2085 Med.
1003 2060 1030 2085 a
1063 2046 1247 2096 Salisb.)

309 2117 627 2156 Emacnmmvs
660 2118 794 2157 immo
826 2118 1074 2158 Enncmvs
1109 2117 1445 2168 (Emscrrssvs‘R)
1477 2118 1497 2156 I
1529 2116 1706 2157 Gellius
1737 2118 1823 2158 VII
1849 2116 1946 2169 (VI)
1982 2122 2046 2169 16,
2080 2123 2104 2159 9

198 2175 277 2223 Ὤ.
309 2173 482 2212 Ennius
515 2174 560 2212 in
594 2174 852 2215 Erechtheo
884 2187 972 2214 non
1004 2173 1139 2225 longe
1171 2186 1299 2214 secus
1333 2173 1449 2213 (lixit
1482 2186 1613 2225 quam
1647 2172 1872 2213 Catullus.
1928 2176 2103 2225 Quibus

198 2243 336 2282 nunc,
379 2230 552 2282 inquit,
585 2233 827 2272 aerumna’
859 2244 896 2271 e.
932 2243 973 2282 q.
1008 2243 1041 2272 s.
1089 2230 1349 2282 ‘significat
1381 2230 1517 2281 abigo
1559 2234 1604 2269 et
1641 2230 1829 2270 amolior
1859 2232 1933 2270 uel
1967 2246 2101 2284 prece

200 2286 406 2327 adhibita
445 2286 520 2326 uel
559 2299 646 2339 quo
692 2287 783 2327 alio
830 2287 998 2328 modo.'
1055 2286 1340 2338 (erictheo
1381 2288 1482 2329 Vat.
1524 2286 1743 2326 eritheo
1785 2287 1886 2327 alii:
1939 2290 1997 2327 ef.
2043 2290 2100 2328 M.

202 2343 419 2383 Hertzius
451 2356 555 2382 ann.
589 2343 762 2395 philoll.
797 2346 904 2385 1862
944 2358 986 2396 p.
1021 2343 1132 2396 787).
1164 2345 1279 2384 Non.
1311 2345 1412 2393 290,
1449 2345 1499 2383 17
1532 2342 1854 2398 ‘‹Iepreeor,
1898 2344 2100 2396 amolior,

198 2399 399 2452 depello,
431 2401 646 2452 propulso
684 2432 693 2441 .
719 2432 728 2441 .
757 2431 765 2440 .
796 2401 970 2440 Ennius
1003 2401 1256 2453 Eripiteo
1285 2432 1292 2439 .
1320 2431 1329 2440 .
1355 2403 1390 2439 .’
1439 2398 1733 2452 (Erepiteo
1765 2400 1894 2444 Leid.
1929 2402 2100 2442 Geneu.

197 2456 514 2496 Erechtheo
557 2457 652 2497 eod.
686 2458 861 2509 Vrsini,
893 2457 1102 2497 Muretus
1134 2457 1185 2499 V.
1217 2457 1268 2496 L.
1304 2457 1414 2497 XIII
1449 2456 1533 2506 19).

341 2621 439 2667 124
491 2617 670 2684 [fidem]
721 2621 936 2681 opiferum
986 2623 1157 2667 socium
1206 2621 1425 2667 aduncant
1484 2622 1725 2667 Vahlenus
1773 2635 1926 2666 omnes
1977 2637 2013 2666 s.
2064 2637 2100 2665 a.

199 2694 428 2739 Heinsius
577 2692 672 2738 125
713 2692 882 2737 sontem
929 2693 1088 2738 Vrbin.
1132 2692 1251 2750 307,
1291 2694 1393 2737 edd.
1433 2692 1594 2736 fortem
1631 2693 1755 2739 libri.
1837 2692 1951 2737 Olim
1985 2708 2098 2749 pro-

193 2767 360 2823 posui.-
399 2770 506 2808 eunt
532 2763 583 2808 ad
614 2763 798 2815 sontem,
837 2763 1026 2808 nitidant
1057 2777 1266 2823 corpora,
1308 2758 1645 2825 [llostiamque]
1675 2763 1863 2821 opimam
1894 2758 2100 2824 [sistum,

199 2828 328 2897 deos]
371 2848 524 2879 secum
567 2829 640 2895 [ut
676 2829 789 2895 sint]
831 2833 1053 2879 aduncant
1091 2836 1192 2879 uel.-
1240 2840 1346 2878 cunt
1386 2833 1438 2878 ad
1480 2833 1506 2876 s.
1544 2848 1588 2879 n.
1616 2848 1655 2878 c.
1691 2828 1696 2895 ᾗ
1733 2869 1908 2878 .....
1953 2829 2100 2894 [prac-

197 2899 410 2966 sentiam]
451 2902 662 2963 opil'eram
692 2904 878 2948 deorum
917 2903 1152 2950 aduncant.
1205 2904 1301 2950 Sed
1332 2910 1534 2962 possunt
1561 2905 1656 2949 alia
1685 2907 1829 2950 mulla
1858 2907 1905 2949 in
1931 2907 2103 2949 litteris

200 2990 225 3018 o
253 2976 323 3035 pie
363 2988 456 3019 eam
493 2977 664 3032 latere,
705 2988 743 3020 e.
780 2989 820 3018 c.
862 2976 1090 3034 optimam,
1129 2988 1326 3035 operam,
1366 2975 1589 3034 oppletam
1630 2977 1706 3020 uel
1743 2975 1933 3035 plenam,
1975 2989 2099 3033 opsc-

199 3052 324 3090 crant
435 3045 533 3092 126
572 3052 839 3091 conuertere
876 3046 1062 3105 Anqlic.
1160 3060 1346 3105 corpora
1386 3045 1489 3090 Mihi
1532 3045 1731 3091 Bolhius
1770 3045 1875 3090 mihi
1915 3059 2100 3103 corpora

199 3118 498 3174 exenzplaria
611 3115 709 3161 127
749 3129 894 3175 neque
934 3117 1289 3175 Eyssenhardti
1323 3117 1455 3161 codd.
1565 3115 1727 3160 salsum
1768 3131 1854 3162 om.
1894 3115 2009 3160 Par.

199 3188 324 3232 licuit
369 3187 474 3231 mihi
532 3188 717 3232 miserae
764 3200 845 3230 nec
900 3187 1049 3232 lauere
1096 3186 1287 3232 lacrimis
1343 3186 1471 3231 salsis
1518 3201 1554 3230 s.-
1617 3187 1829 3242 Vossius,
1873 3186 2102 3243 probauit

199 3256 434 3316 ‘lacrymis
472 3255 632 3302 salsis'
673 3258 922 3303 Bentleius
960 3259 1025 3303 cccl
1054 3255 1147 3302 Cic.
1182 3257 1322 3302 Tusc.
1353 3257 1384 3302 I
1409 3257 1497 3302 16:
1537 3263 1680 3315 alque
1717 3257 1920 3300 lacrimae
1958 3255 2098 3298 salsae

201 3329 416 3372 scribere
450 3331 627 3386 poterit
663 3331 745 3388 qui
780 3329 967 3373 miserae
1013 3331 1281 3387 yenetiuum
1319 3328 1524 3373 habebit.
1670 3327 1819 3370 lauere
1868 3331 1936 3369 est
1979 3325 2096 3368 laue-

199 3405 305 3442 rnnt
453 3397 548 3444 128
589 3398 749 3458 quibus
789 3400 890 3443 edd.
932 3406 1122 3443 ueteres
1150 3398 1289 3444 Gellii
1323 3399 1395 3457 qui
1439 3399 1626 3442 codices
1661 3399 1776 3440 eius.
1817 3396 1886 3438 cni
1917 3395 2099 3439 Nonius

339 3482 520 3514 ertlnma
560 3469 742 3514 Nom‘us
779 3483 991 3528 erumpna
1045 3470 1146 3514 Vat.
1191 3470 1330 3514 Gellii
1435 3468 1638 3511 libertate
1678 3480 1778 3525 para
1819 3465 2002 3509 Nonius

205 3537 301 3582 129
340 3552 480 3583 meam
520 3540 701 3584 Nonius
