2294 3844
220 199 288 250 30
960 199 1020 243 M.
1051 198 1351 241 PACVVIVS

788 326 1158 381 ARMORVM
1196 326 1543 381 IVDICIVM

1094 439 1120 491 Ι
1161 436 1244 510 (5)

523 577 531 587 .
572 535 730 604 seque
771 536 837 587 ad
876 535 1029 588 ludos
1068 536 1177 588 iam
1215 533 1340 588 I'nde
1381 536 1577 588 abhinc
1618 538 1911 591 exerceant.

1059 631 1114 684 H
1155 629 1276 702 (10)

364 725 474 788 Qus
508 728 678 798 uiget,
716 730 964 782 uesca’tur
1004 729 1188 798 arnIiS,
1226 731 1287 781 ut
1325 730 1586 799 percipiat
1623 731 1932 800 praemium.

1062 824 1145 877 ΠΙ
1186 822 1268 896 (I)

469 963 478 972 .
521 921 610 990 qui
651 923 763 974 sese
804 922 1006 974 adfines
1047 923 1160 974 esse
1201 922 1268 974 ad
1308 923 1636 976 causandum
1674 925 1888 993 uolunt,

364 1016 445 1068 De
484 1018 682 1070 uirtute
721 1019 766 1070 is
806 1020 906 1088 ego
948 1019 1205 1071 cernundi
1245 1019 1311 1071 do
1345 1023 1674 1089 *potestatem
1715 1021 1977 1074 6mm‘bus.

1063 1114 1142 1168 IV
1184 1113 1267 1186 (8)

252 1208 323 1261 25
362 1208 467 1261 'An
506 1211 623 1278 quis
647 1208 738 1282 [est
770 1212 860 1280 qui
898 1212 951 1263 te
977 1228 1090 1263 esse
1116 1211 1360 1282 dignum,
1402 1210 1617 1282 quicum
1643 1217 1887 1284 certetur,
1925 1214 2116 1284 putet?

1077 1308 1129 1361 V
1170 1306 1253 1380 (9)

366 1445 374 1453 .
417 1445 426 1454 .
469 1404 512 1454 si
551 1421 663 1455 non
702 1405 783 1455 est
821 1404 1096 1474 ingratum
1134 1406 1320 1475 reapse
1362 1405 1503 1475 quod
1542 1404 1651 1459 feci
1686 1407 1837 1460 bene.

1048 1516 1128 1569 VI
1169 1514 1288 1588 (16)

1277 1617 1440 1682 tuque
1480 1617 1533 1665 te

361 1705 614 1759 Desidere
658 1704 733 1778 [in
771 1709 908 1762 lecto
950 1707 1218 1780 residem]
1262 1711 1362 1762 nos
1400 1711 1488 1762 hic
1529 1729 1642 1762 esse
1682 1711 1739 1762 in
1781 1709 2027 1782 [miseriis

360 1801 634 1874 Maluisti]

221 2011 230 2020 .
250 2012 256 2019 .
279 2012 287 2020 .
319 1980 544 2022 Sethus’
581 1979 732 2034 (immo
755 1981 942 2034 Setus,
974 1988 1026 2024 ut
1057 1984 1211 2025 docuit
1231 1984 1513 2026 Ritsehelius
1536 1985 1590 2026 de
1615 1986 1758 2038 epigr.
1781 1984 1955 2025 Sorano
1977 1998 2019 2037 p.
2041 1985 2113 2036 26)

213 2040 319 2089 ‘pro
354 2035 517 2089 Ζῆθος
548 2039 774 2091 dicentes,
813 2045 859 2081 et
897 2041 1156 2082 Medentius
1198 2040 1520 2095 (Medientius'
1569 2042 1651 2082 aiii
1688 2041 1835 2095 codd.)
1876 2045 1982 2094 ‘pro
2020 2041 2115 2080 Me-

213 2094 425 2135 zentius.’
467 2095 596 2136 Haec
628 2095 685 2135 ad
704 2097 958 2137 Pacuuium
993 2097 1140 2138 uideri
1171 2102 1383 2152 spectare
1414 2099 1589 2139 monuit
1608 2099 1938 2140 Fleckeisenus
1967 2098 2116 2150 Epist.

214 2151 312 2192 erit.
346 2150 403 2190 ad
433 2150 483 2192 F.
514 2151 818 2193 Ritsehelium
848 2168 888 2207 p.
918 2154 1032 2195 XIII
1167 2156 1418 2196 Praeterea
1448 2155 1727 2208 locupletari
1763 2155 1900 2195 huius
1929 2153 2115 2194 fabulae

212 2206 438 2301 &eliquiae
471 2212 661 2260 possunt
690 2208 785 2250 his:
817 2211 905 2251 ine.
933 2211 1024 2252 fab.
1052 2212 1235 2256 1—V11,
1267 2213 1402 2263 LIII,
1436 2213 1524 2252 inc.
1554 2214 1644 2253 ine.
1670 2212 1764 2254 fab.
1787 2212 1926 2251 LXX.
1951 2210 2112 2251 CXIX.

322 2320 554 2362 Amxonvu
586 2322 809 2364 IvD1c1vM
841 2323 864 2363 I
894 2323 1128 2366 Charisius
1166 2325 1210 2365 II
1242 2339 1286 2378 p.
1322 2326 1400 2365 175
1431 2325 1483 2368 Ρ.
1525 2324 1761 2365 ‘abhinc
1793 2325 1844 2364 P.
1882 2324 1931 2364 in
1968 2335 2114 2364 armo-

211 2388 307 2415 rum
338 2377 531 2418 iudieio:
565 2384 730 2431 seque’
766 2394 803 2421 e.
839 2393 882 2433 q.
913 2394 948 2422 s.
1077 2383 1124 2422 ΙΙ
1154 2382 1269 2421 Non.
1301 2383 1406 2432 416,
1443 2383 1462 2421 1
1497 2382 1682 2421 ‘uesci
1714 2381 1852 2422 etiam
1883 2379 2114 2433 significat

209 2433 277 2472 uti
304 2464 313 2472 .
334 2464 342 2473 .
360 2465 369 2473 .
399 2433 629 2477 Pacuuius
652 2435 822 2488 Chryse
853 2468 861 2477 .
882 2468 891 2478 .
911 2468 920 2478 .
949 2437 1068 2478 idem
1089 2438 1323 2478 Armorum
1353 2437 1523 2478 iudicio
1554 2469 1564 2479 .
1583 2469 1592 2478 .
1613 2471 1617 2476 .
1635 2441 1646 2461 ’
1736 2437 1805 2477 111
1826 2438 1941 2478 Non.
1965 2438 2034 2489 89,
2061 2438 2111 2476 11

213 2491 472 2529 ‘causari
505 2503 688 2532 causam
722 2493 874 2533 dicere
913 2494 990 2535 uel
1023 2494 1270 2535 defendere
1300 2525 1310 2534 .
1340 2526 1348 2534 .
1374 2493 1407 2535 .'
1468 2495 1594 2534 Idem
1624 2495 1729 2543 261,
1763 2495 1814 2534 19
1854 2498 2113 2534 ‘cernere

210 2558 386 2586 rursum
417 2545 633 2588 dimicare
664 2549 739 2589 uel
772 2550 1045 2591 contendere
1077 2582 1114 2592 ..
1133 2555 1168 2590 ‚²
1256 2552 1321 2592 IV
1351 2551 1464 2591 Non.
1496 2553 1600 2602 473,
1635 2552 1688 2591 14
1718 2554 2001 2591 ‘certatur
2031 2563 2113 2603 pro

214 2605 397 2641 certat.’
515 2604 552 2642 V
582 2605 749 2646 Festus
781 2620 824 2659 p.
857 2607 939 2647 278
970 2608 1027 2650 M.
1062 2612 1287 2661 ‘reapse
1318 2613 1389 2648 est
1428 2620 1475 2648 re
1514 2607 1629 2660 ipsa.
1692 2607 1924 2647 Pacuuius
1953 2607 2002 2646 in
2031 2609 2113 2646 Ar·

212 2670 382 2698 morum
412 2659 581 2701 iudicio
611 2666 703 2702 ...²
764 2663 936 2704 Paulus
966 2678 1009 2716 p.
1040 2665 1122 2704 279
1154 2666 1212 2705 Μ.
1249 2668 1468 2717 ‘reapse
1501 2669 1571 2704 est
1600 2677 1649 2704 re
1679 2664 1798 2717 ipsa.
1859 2663 2110 2703 Pacuuius:

212 2715 275 2753 si’
311 2728 348 2757 e.
383 2728 424 2767 q.
458 2729 491 2757 s.
635 2719 696 2758 VI
726 2719 894 2759 Festus
926 2733 969 2773 p.
1001 2722 1081 2762 281
1113 2721 1174 2761 Μ.
1208 2718 1421 2774 ‘[reses
1453 2725 1499 2761 et
1530 2720 1742 2761 residuus
1781 2720 1951 2760 dicitur
1978 2720 2114 2772 igna-

209 2783 314 2880 uus],
349 2770 476 2826 quia]
511 2774 698 2816 residet.
758 2776 927 2818 Accius
958 2799 1013 2806 —
1046 2799 1096 2805 -
1131 2800 1180 2805 —
1212 2778 1411 2818 Pacuius
1449 2778 1497 2817 in
1528 2774 1776 2832 arm[orum
1806 2776 1979 2817 iudicio

347 2832 509 2881 tuque’
544 2843 582 2871 e.
618 2845 658 2884 q.
692 2845 751 2889 3.-

352 2991 415 3037 21
456 3007 646 3054 seseque
684 2997 995 3044 Hermannus
1037 2997 1207 3056 Opusc.
1251 2999 1343 3045 VII
1368 2998 1467 3045 366
1624 2991 1804 3060 abhinc]
1847 2997 1915 3057 cf.
1953 2998 2109 3044 Lach-

211 3076 414 3108 mannus
451 3067 499 3108 in
537 3065 681 3110 Lucr.
708 3066 918 3113 111954
1081 3068 1144 3113 22
1186 3071 1218 3114 it
1259 3070 1467 3115 Geneu..·
1506 3083 1569 3113 an
1609 3068 1683 3113 et?
1836 3067 1902 3115 23
1940 3066 2109 3113 adfines

215 3133 385 3178 Iunius
423 3132 610 3179 adfinem
648 3137 759 3181 libri
876 3137 941 3183 24
979 3138 1033 3184 de
1074 3139 1241 3184 uirtute
1281 3146 1325 3185 et
1364 3153 1450 3200 ego
1488 3145 1760 3199 potestatem
1797 3138 2015 3184 cernundi
2051 3137 2109 3183 do

212 3202 415 3248 omnibus
463 3205 575 3250 libri
602 3220 656 3264 p.
700 3206 797 3252 261
979 3208 1044 3255 26
1092 3211 1128 3254 si
1176 3223 1266 3254 non
1303 3210 1490 3256 Paulus
1535 3210 1633 3254 sino
1672 3211 1806 3255 Festi
1850 3210 1953 3257 cod.
1991 3214 2110 3254 teste

211 3272 276 3318 Η.
303 3274 457 3320 Keilio
496 3274 639 3334 (Mus.
674 3277 830 3322 Rhen.
874 3279 939 3324 VI
967 3294 1017 3337 p.
1059 3279 1176 3338 624)
1320 3294 1368 3325 re
1407 3279 1510 3325 absc
1551 3280 1722 3326 Festus
1872 3278 1984 3324 bene
2022 3293 2107 3325 om.

211 3342 397 3390 Paulus
505 3345 568 3391 27
596 3359 698 3406 sqq.
740 3354 878 3407 tuque
906 3355 950 3393 te
985 3348 1162 3394 desider
1197 3386 1527 3397 ..........
1572 3364 1656 3395 nos
1692 3350 1763 3394 hic
1800 3363 1942 3394 essem
1981 3385 1991 3395 .
2016 3385 2026 3395 .
2051 3385 2062 3395 .
2085 3379 2097 3392 .

210 3415 384 3460 Festus
423 3421 539 3461 teste
575 3416 639 3462 H.
668 3418 840 3466 Keilio,
862 3425 1002 3478 tuque
1041 3427 1084 3464 te
1111 3420 1318 3466 Desidere
1356 3422 1496 3466 mauis
1522 3419 1739 3478 residem,
1778 3433 1861 3464 nos
1900 3419 1970 3465 hic
2008 3432 2106 3465 esse

211 3484 255 3527 in
294 3486 482 3530 miseriis
522 3487 576 3532 G.
603 3488 917 3534 Hermannus
956 3496 1093 3549 [uque
1133 3497 1174 3536 te
1213 3491 1256 3537 d.
1296 3506 1353 3537 m.
1394 3506 1428 3537 r.
1470 3498 1514 3536 at
1559 3497 1713 3536 contra
1761 3504 1844 3535 nos
1890 3490 1962 3535 hic
2007 3502 2106 3535 esse

210 3553 255 3596 in
294 3553 443 3600 labore
494 3556 694 3603 Vrsinus
