2294 3844
968 288 1022 327 M.
1056 285 1350 327 PAvalvs
2023 286 2117 335 1:53

363 419 585 470 'Interea
629 437 793 486 prope
835 418 941 468 iam
982 416 1253 467 decidente
1296 416 1404 466 sole
1447 413 1767 467 inhorrescit
1807 433 1971 481 mare,

367 515 640 566 Tenebrae
676 513 1143 580 conrinplimininr,
1183 511 1460 578 noctisque
1503 512 1554 561 et
1594 510 1834 561 nimbum
1869 510 2118 561 obcaecat

1456 607 1663 674 m'gror,

362 706 605 757 Flamma
644 706 785 756 inter
818 704 988 755 nube's
1022 706 1289 770 coruscat,
1330 702 1534 753 caelum
1574 701 1778 752 tonitru
1821 701 2121 767 contremit,

363 800 578 854 (Eri-ando
621 801 787 852 mixta
827 797 990 851 imbri
1027 799 1265 868 largifico
1307 798 1484 850 subita·
1524 797 1883 865 praecipitans
1925 796 2087 862 cadit,

213 899 319 950 415
360 894 622 965 'Vndique
650 914 833 949 omnes
874 895 1021 947 ue'nti
1055 897 1362 962 erumpunt,
1403 893 1548 944 saeui
1590 893 1823 943 existunt
1864 891 2122 957 turbines,

360 993 544 1045 Feruit
584 995 735 1044 aestu
775 992 1014 1059 pelagus

999 1085 1175 1138 XLVI
1219 1084 1338 1154 (44)

1190 1186 1430 1233 murmur
1470 1181 1629 1232 maris

985 1277 1190 1329 XLVII
1234 1275 1352 1346 (21)

926 1373 1053 1426 hinc
1095 1374 1375 1425 saeuitiam
1417 1371 1653 1424 Salaciae

362 1472 634 1541 Frigimus.

882 1563 1116 1617 XLVIII
1160 1563 1368 1633 (Dulor.
1411 1562 1462 1633 1)

216 1664 323 1715 420
366 1706 582 1714 .....
623 1661 757 1730 liqui
797 1663 854 1713 in
894 1661 1111 1730 Aegaeo
1152 1660 1290 1712 freto

220 1855 477 1894 satietas
512 1866 711 1906 capere
744 1854 968 1905 posset?
1003 1849 1102 1906 [411
1129 1850 1218 1905 sq.]
1238 1856 1249 1875 ²
1284 1852 1327 1905 (p
1349 1872 1355 1879 ·
1377 1852 1537 1903 quius
1562 1852 1686 1890 Leid.
1709 1852 1784 1891 AB
1817 1854 2001 1904 possit
2024 1855 2127 1893 Lei-

217 1911 380 1950 denses
413 1914 458 1950 et
490 1909 701 1959 Vindob.)
763 1909 888 1948 Idem
914 1909 969 1949 de
992 1914 1110 1949 orat.
1136 1909 1202 1948 ΙΙΙ
1226 1911 1294 1954 39,
1321 1911 1397 1949 157
1432 1908 1534 1948 ‘sed
1571 1921 1624 1947 ea
1655 1909 1897 1948 transferri
1930 1915 2125 1961 oportet,

219 1979 335 2018 quae
377 1971 456 2005 aut
501 1966 739 2005 clariorem
780 1965 959 2004 faciunt
995 1978 1112 2017 rem,
1161 1969 1212 2004 ut
1251 1964 1334 2004 illa
1376 1965 1548 2004 omnia:
1592 1964 1939 2004 inhorrescit
1979 1979 2126 2005 mare

219 2017 483 2075 [412—416]
519 2022 670 2062 omnia
702 2022 822 2070 fere,
855 2033 941 2073 quo
965 2027 1120 2062 essent
1153 2021 1368 2069 clariora,
1403 2020 1643 2060 translatis
1675 2034 1755 2072 per
1786 2021 2125 2061 similitudinem

217 2075 372 2119 uerbis
405 2078 532 2117 dicta
556 2080 704 2118 sunt.’
739 2078 884 2116 Deest
914 2077 988 2117 hic
1021 2078 1149 2117 locus
1180 2078 1226 2116 in
1259 2078 1404 2117 altero
1439 2076 1529 2116 Erl.
1556 2077 1803 2129 Vtrumque
1838 2078 1988 2117 locum
2022 2091 2121 2117 con-

218 2134 494 2186 iungendam
539 2146 639 2173 esse
678 2132 795 2172 uidit
828 2133 1033 2174 Bothius.
1101 2134 1244 2173 Iulius
1279 2134 1433 2172 Victor
1471 2147 1511 2185 p.
1544 2135 1622 2172 251
1667 2134 1740 2173 Or.
1777 2135 1873 2183 (432
1908 2135 2005 2185 H.)‚
2041 2137 2127 2173 ‘ea

219 2197 373 2230 tamen
405 2190 649 2229 transferri
672 2193 851 2242 oportet
884 2202 1001 2240 quae
1025 2189 1265 2229 clariorem
1300 2190 1477 2228 faciunt
1508 2202 1624 2237 rem,
1658 2194 1705 2228 ut
1739 2194 1809 2229 est
1840 2190 2127 2230 inhorres-

223 2249 304 2287 cit
335 2260 391 2286 m.
428 2252 471 2286 et
505 2247 689 2286 feruet
723 2259 760 2284 a.
786 2259 827 2298 p.
844 2249 854 2268 ’
890 2246 1042 2285 Albini
1065 2246 1118 2285 de
1143 2252 1240 2285 arte
1264 2246 1377 2285 rhet.
1401 2245 1508 2284 dial.
1533 2258 1574 2296 p.
1598 2246 1679 2285 545
1702 2246 1758 2287 H.
1784 2246 1951 2285 eisdem
1976 2246 2129 2285 uerbis

225 2303 540 2342 ‘horr‘escit
574 2305 656 2341 m.’
692 2307 738 2342 et
771 2303 984 2342 ‘feruet
1016 2315 1058 2345 a.
1082 2304 1150 2354 μ’
1183 2301 1358 2344 laudat.
1383 2302 1556 2341 Nonius
1581 2314 1620 2352 p.
1644 2302 1740 2345 423,
1764 2304 1788 2341 6
1821 2301 2128 2340 ‘horridum

324 2360 492 2398 Accius
515 2358 681 2398 Medea
712 2355 862 2412 [VIII]
901 2389 908 2396 .
934 2390 942 2398 .
973 2389 981 2397 .
1012 2358 1070 2400 M.
1094 2358 1270 2398 Tullius
1301 2389 1309 2398 .
1339 2388 1347 2396 .
1378 2370 1477 2397 cum
1510 2358 1661 2397 subito
1694 2371 1816 2396 mare
1849 2361 1999 2409 coepit
2030 2357 2128 2397 hor-

218 2428 396 2456 rescere
423 2416 630 2456 ..Varro
655 2415 854 2467 epistula
873 2415 930 2453 ad
950 2415 1220 2454 Caesarem:
1248 2415 1471 2454 interea
1494 2425 1659 2465 prope
1681 2413 1742 2452 ad
1765 2414 2127 2453 occidentem

221 2472 390 2512 solem
425 2471 709 2511 horrescit
741 2468 920 2510 mare.'
987 2470 1215 2510 indicauit
1247 2472 1482 2522 Roeperus
1513 2469 1675 2511 Philol.
1708 2470 1769 2508 lx
1812 2472 1915 2510 276:
1958 2469 2129 2508 rettulit

221 2529 402 2568 Riesius
433 2528 553 2567 inter
584 2527 881 2579 epistularum
918 2527 1178 2580 fragmenta
1211 2540 1250 2579 p.
1273 2529 1378 2578 259,
1413 2526 1494 2566 sed
1528 2532 1717 2578 possunt
1739 2527 1956 2565 Varronis
1989 2526 2129 2565 uerba

223 2590 268 2624 et
301 2585 493 2624 Pacuuii
527 2583 806 2634 fabulaeque
846 2596 1006 2623 nomen
1046 2583 1286 2624 excidisse.
1348 2583 1650 2635 Naufragium
1693 2583 1738 2620 in
1779 2583 1956 2622 Teucro
2005 2595 2131 2621 enar·

224 2645 369 2680 ratum
404 2646 496 2680 est:
530 2640 589 2679 cf.
610 2639 714 2678 XIV
740 2646 784 2679 et
806 2640 887 2678 XV
1002 2639 1149 2679 XLVI
1174 2640 1361 2680 Seruius
1390 2636 1437 2678 in
1469 2640 1578 2677 Aen.
1602 2639 1622 2677 I
1645 2640 1697 2679 55
1731 2639 1821 2677 ‘sic
1846 2639 1961 2678 dixit
1983 2640 2129 2678 Pacu-

223 2699 343 2736 uius:
378 2709 611 2735 murmur
633 2698 824 2745 maris,
861 2695 966 2746 quia
988 2700 1151 2736 uentos
1173 2709 1370 2735 murmur
1401 2696 1640 2747 sequitur.‘
1760 2695 1928 2734 XLVII
1964 2696 2131 2734 Festus

224 2767 265 2805 p.
298 2754 378 2793 326
410 2753 469 2791 M.
510 2749 793 2805 ‘[Salacia
832 2751 959 2791 dicta
998 2757 1088 2802 est,
1138 2748 1275 2805 quod]
1319 2751 1462 2791 salum
1503 2752 1617 2800 ciet;
1666 2748 1941 2802 an[tiquitus
1981 2756 2129 2790 autem

227 2807 299 2860 eo]
337 2808 559 2848 uocabulo
601 2805 787 2860 poe[tae
828 2821 909 2860 pro
943 2820 1062 2859 aqua
1095 2811 1198 2860 ipsa
1230 2809 1300 2847 usi
1340 2804 1481 2861 sunt]
1546 2808 1829 2846 Pacuuius
1865 2804 1931 2860 [in
1973 2837 2122 2847 ......

229 2863 502 2916 saeuiti]am
544 2863 810 2904 Salaciae
852 2895 1173 2905 ............
1221 2866 1501 2904 uescimur
1547 2894 1870 2903 ............
1917 2876 2042 2902 nemo
2082 2871 2130 2901 ut

229 2934 296 2961 me
339 2951 660 2961 ............
698 2933 771 2959 um
803 2926 1011 2973 saeptam
1053 2951 1259 2960 ........
1282 2923 1294 2943 ²
1326 2920 1461 2959 Pauli
1487 2920 1656 2959 Festus
1689 2933 1726 2970 p.
1751 2922 1830 2959 327
1855 2920 1914 2958 M.
1947 2918 2132 2958 ‘Sala-

229 2978 367 3016 ciam
401 2977 618 3016 dicebant
649 2977 779 3016 deam
813 2989 978 3029 aquae,
1014 2989 1148 3028 quam
1183 2977 1409 3028 putabant
1440 2975 1585 3016 salum
1619 2977 1758 3020 ciere,
1792 2975 1875 3015 hoc
1910 2979 1981 3015 est
2011 2987 2132 3014 mare

225 3045 405 3072 mouere
579 3033 880 3072 Pacuuius:
913 3033 1040 3072 hinc
1073 3033 1376 3072 saeuitiam
1400 3032 1665 3072 Salaciae
1701 3031 1980 3083 fugimus.’
2015 3031 2127 3069 Num

229 3101 344 3140 quae
385 3095 630 3141 praeterea
668 3089 936 3128 Pacuuiana
976 3089 1022 3128 in
1060 3089 1197 3129 Festo
1239 3088 1434 3134 lateant,
1475 3089 1698 3127 incertum
1742 3093 1833 3127 est:
1874 3087 1955 3126 sed
1996 3087 2055 3126 cf.
2089 3099 2132 3125 u,

231 3147 334 3196 108,
369 3145 443 3196 qui
476 3145 671 3196 quadrat
703 3145 800 3184 fere
833 3145 880 3183 in
911 3145 1126 3184 lacunam
1241 3144 1436 3184 XLVIII
1469 3145 1612 3183 Varro
1646 3144 1699 3183 de
1733 3143 1760 3182 l.
1792 3145 1843 3185 L.
1875 3144 1961 3184 VII
1993 3145 2042 3181 22
2075 3142 2133 3179 M.

229 3201 478 3240 ‘Pacuius'
520 3200 732 3251 (Pacui.
768 3200 932 3251 Flor.);
972 3201 1171 3252 ‘liqui’
1207 3214 1245 3240 c.
1281 3214 1322 3252 q.
1357 3214 1392 3239 s.
1435 3201 1630 3239 ‘dictum
1667 3200 1870 3239 fretum
1914 3213 1939 3238 a
1973 3197 2132 3237 simili-

229 3257 386 3296 tudine
420 3257 644 3296 feruentis
677 3268 825 3309 aquae
867 3288 875 3296 .
896 3288 900 3294 .
922 3288 931 3297 .
970 3258 1210 3309 Aegeum
1243 3257 1412 3296 dictum
1446 3257 1501 3296 ab
1535 3256 1723 3295 insulis’
1758 3269 1795 3297 c.
1820 3268 1858 3306 q.
1893 3268 1928 3293 s,

371 3404 470 3448 411
511 3418 652 3463 prope
679 3418 931 3462 suprascr.
959 3405 1210 3450 Heinsz'an.
1356 3403 1458 3447 412
1486 3402 1682 3447 nimbum
1710 3417 1835 3448 corr.
1867 3415 1929 3446 esc
1956 3399 2129 3444 nimbus

231 3472 359 3518 Lem.
389 3479 427 3517 A
463 3474 715 3518 nimborum
755 3474 885 3519 Vind.
915 3489 972 3518 m.
1004 3477 1084 3519 alt.
1112 3473 1295 3518 nubium
1326 3475 1429 3518 Erl.
1460 3474 1485 3517 b
1583 3473 1715 3531 nigor
1744 3471 1904 3515 Heius.
1938 3485 1995 3513 m.
2026 3470 2054 3512 1

236 3541 337 3585 414
363 3542 563 3601 largifico
590 3545 703 3589 libri
726 3543 932 3603 largifluo
952 3545 1159 3599 Ernesti,
1188 3545 1499 3589 Hermanmcs
1606 3541 1706 3586 418
1730 3540 1922 3585 Salaciae
1942 3541 2131 3584 metien-

234 3612 341 3654 dum
381 3625 481 3656 esse
519 3605 760 3669 intellexi,
803 3628 896 3659 non
936 3614 1127 3659 Salaciae
1235 3614 1339 3660 420
1377 3613 1406 3656 li
1446 3613 1519 3670 qui
1558 3613 1599 3654 iu
1641 3624 1753 3670 egeo
1794 3610 1955 3653 fretum
1997 3609 2127 3653 Flor.
