2294 3844
181 258 279 308 172
494 308 499 313 ,
969 262 1020 308 L,
1053 263 1265 304 ATTivs

176 390 283 440 270
325 389 560 457 Tyranni
603 409 819 442 saeuoni
859 392 1138 460 ingenium
1178 395 1337 462 atque
1379 396 1687 447 execrabile.

1038 488 1092 540 II
1157 489 1192 540 4

322 580 633 650 Passsnlque
675 584 866 651 praeda
908 587 1077 653 pecua
1117 486 1393 638 iiailebeint
1433 588 1590 656 agris.

1007 695 1088 747 ΙΙΙ
1130 694 1249 767 (12)

323 789 449 841 Non
491 792 659 859 genus
701 792 875 843 uirum
918 795 1097 861 ornat,
1138 794 1322 862 generi
1362 794 1445 846 uir
1484 792 1641 846 fortis
1682 795 1813 846 loco.

1003 903 1082 956 IV
1124 902 1244 975 (10)

1265 1000 1476 1071 Ogygia
1515 1002 1725 1055 moenia

1037 1111 1087 1163 V
1130 1110 1215 1182 (8)

322 1206 391 1257 Et
435 1207 605 1274 qualis
646 1207 827 1276 fuerit,
867 1208 1011 1259 fama
1051 1209 1373 1261 celebrescat
1411 1211 1518 1261 tua.

1003 1319 1083 1370 VI
1123 1317 1243 1389 (11)

177 1415 283 1467 275
323 1415 403 1466 Ita
447 1418 499 1466 et
539 1415 665 1467 fietu
707 1418 759 1468 et
798 1416 1034 1468 tenebris
1067 1417 1371 1470 obstinatus
1397 1420 1627 1488 speciem
1668 1420 1822 1472 amisi
1861 1421 2078 1473 himinis

328 1510 707 1581 Conspiciendi
747 1513 1051 1565 insolentia.

1008 1624 1115 1677 VII
1157 1622 1240 1696 (3)

322 1719 542 1773 'Adsum
584 1721 724 1789 apud
764 1724 839 1790 te,
879 1721 1105 1791 genitor.

991 1833 1126 1885 Vm
1168 1831 1251 1904 (9)

321 1929 489 1981 Multa
535 1929 854 1981 amittuntur
891 1930 1106 1983 tei-diffie
1147 1934 1199 1983 et
1238 1932 1495 1984 socordia.

288 2080 332 2119 11
365 2079 478 2118 Non.
519 2080 621 2128 159,
656 2079 705 2118 15
738 2082 948 2132 ‘pecua
979 2084 1026 2120 et
1058 2079 1235 2133 pecuda
1273 2080 1340 2120 ita
1371 2085 1421 2121 ut
1459 2094 1623 2134 pecora
1653 2085 1835 2123 ueteres
1867 2083 2079 2124 dixerunt

183 2165 191 2175 .
211 2167 219 2175 .
240 2166 247 2173 .
269 2167 278 2176 .
442 2135 511 2176 III
541 2136 656 2177 Non.
691 2137 794 2185 338,
828 2138 881 2175 22
922 2136 1126 2176 ‘locum
1161 2137 1299 2177 decus
1332 2137 1594 2190 significare
1634 2138 1734 2178 uult
1763 2139 1932 2180 Accius
1964 2139 2076 2180 Dio-

173 2192 300 2231 mede
334 2195 424 2231 ...'
560 2191 625 2232 IV
655 2192 821 2232 Festus
852 2206 896 2244 p.
931 2195 1010 2234 178
1040 2193 1101 2235 Μ.
1143 2193 1395 2247 ‘Ogygia
1433 2195 1653 2234 moenia
1683 2195 1848 2236 Accius
1890 2198 1939 2236 in
1970 2197 2078 2238 Dio-

174 2248 298 2288 mede
332 2247 575 2300 appellans
607 2248 840 2300 significat
869 2249 1116 2300 Thebas,
1152 2251 1259 2303 quia
1291 2263 1390 2291 eam
1421 2252 1577 2292 urbem
1601 2251 1789 2306 Ogygus
1821 2253 2077 2294 condidisse

174 2305 404 2344 traditur.⁷
529 2305 568 2343 V
597 2305 710 2345 Non.
745 2307 819 2351 89,
854 2307 905 2347 15
939 2306 1370 2347 ‘celebreseat.’
1501 2309 1564 2348 VI
1594 2308 1708 2349 Non.
1744 2310 1848 2357 322,
1881 2311 1935 2349 24
1967 2310 2078 2349 ‘in-

175 2361 365 2401 solens
406 2374 579 2401 rursum
619 2374 708 2401 non
748 2361 899 2403 solens
1014 2366 1049 2402 .'
1193 2364 1281 2404 VII
1311 2364 1425 2404 Non.
1459 2366 1564 2417 522,
1598 2367 1651 2406 33
1693 2366 1876 2417 ‘itaque
1908 2365 2076 2406 uitiosa

175 2417 388 2469 dicimus,
430 2431 531 2457 cum
569 2431 651 2459 nos
691 2419 741 2458 in
779 2419 876 2460 foro
908 2419 1317 2471 fuisse-dicamus,
1357 2421 1479 2474 apud
1519 2425 1598 2460 aut
1637 2421 1694 2460 ad
1736 2422 1881 2461 forum
1914 2422 2074 2474 fuisse,

176 2487 275 2514 cum
308 2475 452 2526 apud
483 2475 610 2514 iuxta
641 2474 872 2527 significet
901 2480 992 2517 ...’
1130 2477 1239 2517 VIII
1270 2478 1382 2517 Non.
1419 2479 1520 2523 181,
1552 2479 1606 2518 20
1642 2477 2001 2520 ‘tarditudinem
2031 2483 2077 2519 et

176 2530 474 2570 tarditiem
507 2544 587 2583 pro
620 2531 839 2572 tarditate
870 2563 879 2573 .
898 2563 908 2573 .
928 2563 938 2574 .
967 2532 1133 2574 Accius
1164 2533 1379 2574 Alcmene
1412 2564 1421 2574 .
1440 2565 1448 2573 .
1467 2564 1477 2575 .
1507 2533 1626 2574 idem
1658 2532 1880 2575 Diomede
1911 2539 2005 2576 ...²

316 2709 417 2756 270
453 2723 637 2754 saeuum
676 2711 777 2755 eclcl.
817 2724 941 2755 scum
979 2711 1091 2756 libri
1196 2711 1440 2757 execrabile
1468 2715 1609 2773 uulyo
1649 2712 1938 2758 execrabilem
1964 2715 2078 2760 libri

316 2780 411 2826 271
456 2794 542 2840 qne
595 2781 750 2825 Vrbin.
782 2780 897 2837 308,
931 2781 1187 2828 Gulielmus
1229 2783 1377 2828 Veris.
1410 2784 1438 2828 I
1464 2784 1525 2829 21
1571 2798 1683 2844 quac
1721 2785 1833 2829 libri
1939 2785 2074 2830 ualle-

175 2851 279 2895 bant
313 2852 371 2895 W
395 2851 460 2909 cf.
490 2852 634 2896 Pauli
658 2852 831 2897 Festus
863 2867 913 2910 p.
943 2852 1043 2898 377
1082 2869 1127 2898 u.
1159 2853 1358 2898 uallessit
1397 2860 1441 2900 el
1474 2856 1815 2900 Laclimcinnus
1853 2857 1899 2900 in
1926 2856 2072 2901 Lucr.

172 2937 219 2979 μ.
253 2922 347 2967 101
390 2921 616 2966 uellebant
655 2926 805 2968 celeri
837 2925 950 2968 libri
984 2921 1187 2969 halabant
1213 2925 1398 2985 Aldina·
1495 2925 1702 2985 praedam
1740 2939 1784 2985 p.
1825 2924 2076 2970 auellebant

176 2994 294 3037 coni.
337 2993 668 3037 Bueelielerus
831 2993 930 3039 272
981 2995 1159 3054 generis
1208 2997 1347 3055 uulyo
1501 2996 1631 3040 sortis
1670 2996 1923 3041 Mercerus
1968 2995 2075 3050 forti

174 3063 285 3107 libri
411 3061 509 3106 274
549 3058 615 3123 et]
658 3079 721 3108 cm
760 3065 838 3109 ut?
971 3064 1069 3110 275
1109 3078 1179 3124 sq.
1219 3066 1452 3111 Iambieos
1489 3080 1616 3112 nune
1641 3069 1943 3125 septenarios
1968 3080 2075 3112 eum

176 3133 227 3180 L.
259 3132 491 3177 Muellero
528 3131 726 3189 (cciznall.
756 3136 943 3193 philoll.
979 3135 1110 3182 1868
1138 3151 1192 3194 p.
1225 3135 1345 3192 428)
1378 3139 1594 3194 praetuli
1630 3138 1913 3194 trochaicis,
1955 3150 2074 3196 quos

176 3205 281 3248 olim
307 3203 531 3247 Rolliium
570 3209 762 3249 seculus
801 3207 1113 3251 exhibueram
1246 3205 1346 3252 275
1386 3214 1431 3251 et
1468 3207 1578 3252 fletu
1606 3207 1880 3252 Scriuerius
1917 3205 2073 3251 effletu

174 3274 284 3317 libri
320 3273 430 3317 fletu
467 3273 723 3319 Gulielmus
751 3277 782 3319 l.
809 3277 841 3320 l.
975 3276 1148 3321 obsitus
1176 3278 1376 3323 Rotbius
1414 3277 1626 3322 obstinati
1678 3277 1867 3323 Vossius
1904 3278 2070 3321 consti-

177 3350 304 3401 patus
334 3344 534 3389 Bolbius
561 3343 588 3386 2
708 3357 882 3403 sperem
922 3346 972 3390 L.
1003 3347 1209 3393 Mueller
1246 3349 1438 3392 nescius
1474 3347 1665 3406 speciem
1705 3359 1808 3392 esse
1838 3346 2070 3391 oculorum

177 3415 312 3457 aciem
471 3415 593 3458 amisi
635 3414 890 3460 Gulielmus
925 3419 955 3460 l.
984 3419 1015 3461 l.
1058 3431 1120 3461 ea:
1159 3419 1231 3463 ed.
1274 3418 1384 3462 Ven.
1419 3415 1550 3462 1483
1590 3417 1737 3460 amissi
1774 3417 1906 3472 libri,
1949 3419 2076 3476 quod

176 3484 294 3527 idem
332 3491 401 3529 est
526 3483 625 3529 276
665 3485 965 3544 conspiciendi
1002 3487 1240 3532 insolentia
1270 3487 1471 3532 Bolhius
1498 3485 1550 3543 2,
1592 3488 1677 3531 secl
1711 3488 1863 3531 deleri
1888 3488 2068 3532 iubens.

177 3555 450 3612 conspicient
486 3554 769 3599 insolentiam
800 3556 912 3600 libri
947 3558 1225 3616 conspicient
1250 3557 1485 3602 insolentia
1510 3557 1673 3602 Delrio
1804 3556 1904 3604 278
1928 3558 2069 3623 ,amit-

179 3628 335 3668 tuntur
373 3626 442 3669 ecl.
477 3623 608 3671 1526
648 3626 889 3673 mittuntur
912 3627 1023 3671 libri
1129 3627 1305 3671 tarditie
1333 3629 1471 3687 uulyo
1510 3626 1684 3672 tarditia
1716 3628 1828 3672 libri
