2299 3803
209 180 313 232 278
1020 180 1278 221 NAEvlvs

537 229 566 268 Ο

282 443 315 495 5
354 443 467 495 Rex
507 442 704 495 Veiens
744 444 922 511 regem
964 443 1162 494 salutat
1202 440 1342 494 Vibe
1383 441 1655 493 Albanum
1695 441 1971 494 Amulium

355 536 590 590 Comiter
644 540 824 590 senem
880 538 1190 606 sapientem.
1268 539 1455 589 contra
1507 537 1809 589 redhostis?
1864 568 1931 574 ——
1987 535 2104 590 Min

1535 632 1738 684 salust?

356 868 496 920 Cedo
539 867 633 936 qui
686 888 796 921 rem
845 872 1079 921 uestram
1126 869 1394 937 publicam
1450 871 1658 921 tantam
1707 869 1958 922 amisistis
1997 871 2109 922 tam

1590 965 1733 1018 cito‘?
1774 997 1841 1002 —

357 1059 750 1112 Proueniebant
790 1062 1028 1113 oratores
1068 1060 1254 1130 nones,
1294 1061 1444 1114 stulti
1485 1061 1907 1123 adulescentuli„

321 1221 388 1261 111
420 1222 588 1261 Festus
624 1235 664 1273 p.
698 1223 781 1263 270
810 1222 868 1262 M.
911 1222 1284 1272 ‘redhostire,
1325 1223 1498 1262 referre
1538 1223 1748 1275 gratiam.
1815 1223 2025 1264 Nauius
2063 1225 2110 1264 in

204 1279 377 1329 Lupo:
419 1277 494 1318 uel
535 1278 731 1318 Veiens’
767 1291 806 1319 e.
841 1291 881 1330 q.
917 1291 951 1319 s.
1014 1278 1285 1329 (Naeuius
1325 1280 1379 1318 in
1418 1278 1571 1318 Ludo
1611 1278 1835 1329 Scaliger.
1894 1279 2110 1321 Nou1us

206 1335 257 1372 in
294 1334 446 1385 Lupo
485 1333 803 1386 Augustinus.)
866 1334 935 1375 De
974 1338 1134 1387 togata
1175 1335 1401 1387 cogitauit
1439 1335 1692 1376 Grauertus
1730 1335 1895 1376 Philol.
1928 1337 1974 1377 11
2007 1338 2109 1377 129:

206 1394 494 1441 praetextam
534 1403 633 1430 esse
673 1403 757 1431 nec
798 1391 1027 1433 diuersam
1058 1404 1086 1431 a
1115 1391 1307 1434 Romulo
1340 1391 1447 1432 olim
1478 1392 1524 1431 in
1567 1405 1679 1432 com.
1709 1395 1830 1444 poet.
1864 1391 1944 1432 rel.
1976 1406 2021 1445 p.
2058 1395 2110 1433 14

206 1452 251 1485 et
283 1446 328 1485 in
360 1446 504 1498 praef.
540 1459 581 1499 p.
604 1446 644 1485 X
677 1447 936 1499 suspicatus
971 1460 1080 1490 sum.
1196 1448 1259 1487 IV
1290 1448 1450 1489 Cicero
1483 1447 1585 1488 Cat.
1618 1448 1722 1489 mai.
1754 1450 1794 1498 7,
1818 1450 1871 1489 20
1903 1448 2040 1501 ‘quod
2072 1450 2111 1491 si

205 1501 358 1554 legere
392 1506 473 1542 aut
503 1502 663 1542 audire
695 1503 862 1543 uoletis
895 1507 1108 1553 externa,
1150 1504 1368 1544 maximas
1401 1517 1474 1544 res
1505 1503 1714 1557 publicas
1747 1505 1803 1545 ab
1838 1504 2110 1545 adulescen-

205 1559 325 1598 tibus
358 1558 691 1605 labefactatas,
727 1572 753 1598 a
784 1559 970 1600 senibus
1004 1563 1292 1600 sustentatas
1323 1564 1368 1600 et
1400 1561 1638 1601 restitutas
1669 1561 1921 1613 reperietis.
1972 1561 2109 1602 cedo

242 1645 278 1655 ..
318 1614 463 1655 cito?
515 1615 581 1655 sic
613 1616 729 1655 enim
761 1616 1140 1668 percontantibus
1178 1618 1234 1657 in
1264 1616 1478 1656 Naeuii
1509 1621 1711 1668 poetae
1745 1617 1895 1669 Lupo
1927 1630 2111 1670 respon·

205 1671 367 1710 dentur
409 1674 454 1710 et
495 1671 586 1710 alia
628 1676 673 1712 et
710 1672 796 1712 hoc
827 1673 873 1712 in
914 1673 1092 1725 primis:
1132 1672 1579 1725 proueniebant'
1625 1687 1661 1713 e.
1697 1685 1738 1725 q.
1771 1685 1804 1715 s.
1867 1686 2110 1726 percon-

139 1724 146 1728 ”
204 1727 450 1767 tantibus
482 1728 786 1768 Mommsenus
817 1729 863 1768 in
894 1729 1054 1768 relatis
1085 1732 1271 1769 menstr.
1305 1728 1437 1769 acad.
1469 1729 1620 1769 Berol.
1656 1730 1763 1769 1863
1793 1742 1849 1774 m,
1881 1729 2108 1778 Ianuarii.

204 1786 615 1835 percontantur
645 1788 703 1823 ut
728 1784 856 1824 Leid.
890 1788 1306 1837 percontantur
1336 1789 1394 1825 ut
1427 1789 1512 1825 est
1545 1786 1686 1825 ceteri
1717 1785 1835 1828 libri.
1906 1832 1909 1836 ,
1951 1786 2110 1827 neuii

205 1839 375 1881 Erfurt.
418 1840 565 1882 Paris.
598 1839 839 1893 Rhenaug.
873 1840 992 1881 alter
1107 1838 1330 1894 poetae]
1372 1841 1682 1894 posteriori
1723 1842 1870 1885 Paris.
1924 1847 2109 1895 poste-

205 1897 356 1935 riore
390 1896 563 1936 Erfurt.
595 1896 832 1950 Rhenaug.
867 1897 987 1938 alter
1099 1898 1250 1951 Lupo
1282 1898 1459 1950 scripsi.
1507 1898 1653 1938 libro
1684 1897 1960 1947 Erf.‚Paris.
1991 1899 2109 1940 Rhe-

207 1963 346 2002 naug.
383 1952 502 1991 alter
533 1957 653 1993 teste
687 1954 868 1993 Baitero
902 1954 1031 1994 ludo
1062 1954 1362 1998 Benedictob.
1393 1954 1597 1994 Indersd.
1621 1953 1752 1994 Leid.
1774 1955 2011 2007 Rhenaug.
2043 1969 2109 2008 pr.
2158 1986 2161 1989 -

210 2007 459 2060 Salisburg.
519 2009 616 2048 Nisi
648 2009 795 2062 ipsum
826 2010 981 2050 horum
1014 2023 1227 2051 uersuum
1261 2014 1574 2063 argumentum
1609 2014 1681 2051 sat
1711 2015 1870 2063 aperte
1901 2015 2111 2064 praetex-

211 2068 303 2102 tam
338 2064 538 2103 fabulam
571 2065 805 2113 indicaret,
837 2066 1061 2119 palliatae
1093 2067 1257 2107 titulus
1283 2067 1468 2108 Ludus
1498 2067 1870 2120 interpretandus
1900 2069 2110 2108 nimirum

206 2123 323 2161 esset
356 2120 545 2171 Lydus.

346 2330 374 2373 5
416 2342 490 2372 rex
520 2329 678 2373 Veiens
706 2333 883 2388 scripsi
920 2330 991 2374 uel
1033 2331 1187 2374 ueiens
1228 2333 1330 2375 cocl.
1372 2331 1444 2375 ubi
1475 2332 1629 2376 Veiens
1659 2332 1878 2391 Scaliger
1915 2332 2110 2378 Veientis

217 2400 454 2444 Vsenerus
492 2401 586 2443 incl.
625 2402 753 2444 lecte.
796 2401 1062 2459 Gryplzisn).
1106 2407 1224 2446 aest.
1255 2401 1387 2447 1866
1412 2417 1462 2460 p.
1496 2401 1557 2446 12
1688 2402 1849 2446 salutat
1889 2403 2110 2464 Scaliyer

203 2469 365 2513 saltant
393 2470 494 2514 cod.
524 2469 698 2514 saluere
741 2471 939 2515 Vrsinus
1051 2469 1154 2514 Vihe
1194 2473 1269 2516 uel
1298 2471 1400 2516 viba
1432 2473 1763 2517 Buechelerus
1790 2472 1863 2530 (cle
1891 2474 2107 2520 Etrusca

204 2542 403 2584 nominis
437 2539 598 2596 forma
633 2540 698 2597 cf.
731 2540 780 2584 Ο.
811 2539 1036 2586 Muelleri
1062 2542 1257 2585 Etrusc.
1286 2541 1342 2586 II
1365 2540 1485 2599 424>
1527 2540 1652 2586 uibae
1681 2544 1784 2587 cocl.
1826 2542 1959 2588 iubeo
1989 2544 2105 2590 Sca-

200 2612 319 2668 liqer
358 2608 478 2653 iubet
520 2609 731 2654 Vrsinus,
799 2611 903 2656 Non
943 2613 1136 2656 mullum
1175 2608 1489 2656 absil'Tebris
1528 2625 1721 2657 nomen.-
1761 2613 1826 2671 cf.
1874 2614 2026 2660 Varro
2052 2617 2109 2661 cle

201 2683 233 2724 l.
261 2682 292 2723 l.
335 2680 370 2723 V
396 2679 462 2724 30
489 2680 554 2724 M.
670 2680 891 2724 Amulium
921 2681 1139 2740 Scalifser
1175 2680 1359 2726 mulium
1391 2685 1492 2728 cod.
1606 2682 1634 2727 6
1674 2684 1862 2727 comiter
1890 2684 2109 2744 Scaliqer

203 2749 411 2794 comitem
448 2750 551 2795 cod.
706 2750 929 2796 rcdllostit
969 2752 1184 2811 Scaliyer
1342 2752 1537 2798 Viclelur
1583 2751 1809 2797 redhostis
1857 2758 2109 2801 recitatum

201 2820 359 2878 fuisse
470 2821 556 2863 min
599 2820 768 2864 salust?
807 2825 986 2879 scripsi
1022 2821 1242 2866 menalust
1280 2825 1379 2868 cod.
1409 2823 1604 2868 Menalus
1633 2823 1851 2882 Scaliyer
1964 2825 1993 2870 7
2033 2839 2109 2872 ue-

205 2897 340 2933 stram
382 2903 473 2933 rein
511 2891 643 2946 libri,
687 2895 966 2950 transposui
1071 2891 1180 2937 cedo
1218 2906 1308 2936 rem
1337 2892 1553 2952 publicam
1596 2893 1669 2952 qui
1712 2900 1904 2939 uestram
1945 2902 2107 2940 tantam

205 2960 373 3002 amistis
425 2965 510 3002 [am
558 2961 646 3004 cilo
686 2961 903 3021 Koechly
948 2964 1141 3009 miscell.
1190 2963 1360 3007 Drescl.
1412 2964 1730 3021 (Vermisclzle
1778 2964 1982 3016 Bla'lter
2016 2980 2107 3011 zur

212 3030 694 3086 Gymnasialreform]
740 3031 869 3077 1847
897 3048 944 3089 p.
979 3033 1075 3078 105
1116 3032 1225 3077 cedo
1255 3040 1446 3077 uestram
1473 3047 1563 3078 rem
1601 3048 1645 3092 p.
1687 3040 1850 3079 tantam
1891 3034 2107 3097 qui'ami·

207 3100 287 3143 stis
328 3105 414 3142 tam
456 3112 493 3142 c.
530 3101 783 3157 Kayserus
829 3101 936 3147 cedo
986 3103 1061 3162 qui
1101 3110 1293 3147 uestram
1333 3102 1555 3163 publicam
1603 3117 1694 3147 rem
1738 3110 1899 3149 tantam
1938 3106 2107 3150 amistis

202 3177 232 3212 t.
278 3183 315 3213 e.
346 3168 692 3214 Buechelerus.
750 3172 887 3216 Inter
919 3176 1132 3229 priorem
1171 3178 1216 3218 et
1255 3176 1457 3219 alterum
1497 3187 1688 3219 uersum
1727 3177 1960 3233 quaedam
1991 3189 2099 3233 pos-

201 3245 308 3283 sunt
347 3242 628 3296 interposila
652 3240 825 3297 fuisse.
960 3242 989 3288 8
1024 3244 1349 3302 prouenientur
1385 3243 1456 3300 (ur
1490 3242 1598 3302 del.)
1628 3244 1785 3289 Paris.
1914 3245 2025 3290 ‘noui
2061 3253 2106 3290 et

202 3310 360 3353 Paris.
392 3309 585 3367 Erfurt.
626 3311 732 3354 noui
773 3315 923 3356 celeri
1026 3312 1136 3357 cedo
1164 3311 1246 3367 Qui
1285 3319 1330 3360 et
1357 3311 1683 3358 proueniebant
1723 3327 1763 3357 0.
1804 3308 1941 3372 noui,
1979 3315 2106 3360 stulti

202 3378 270 3423 ad.
311 3381 604 3424 commendat
633 3380 782 3425 CFW
804 3382 1012 3427 Mueller
1047 3385 1240 3439 prosod.
1279 3384 1436 3429 Plaut.
1474 3398 1524 3441 p.
1563 3383 1678 3430 204.
1720 3383 1836 3428 612.
1899 3385 2117 3431 Durius-·

202 3450 332 3493 culos
370 3462 592 3495 numeros
631 3453 900 3497 tolerandos
939 3465 1042 3496 esse
1075 3456 1272 3510 putaui.-
1321 3456 1500 3511 alioqui
1541 3459 1740 3511 praesto
1781 3460 1924 3499 erant
1962 3455 2104 3500 talia.-

202 3519 309 3562 noui
347 3516 673 3577 proueniebant
711 3518 938 3575 oratoreS‚
980 3521 1129 3568 stultis
1169 3522 1516 3578 ailulcsccnmli3
1558 3524 1623 3581 cf.
1655 3531 1778 3583 traq.
1813 3522 1877 3569 64
1905 3537 1971 3580 sq.
