2294 3844
176 245 237 296 13
250 246 283 295 O
931 245 992 283 M.
1024 243 1323 284 Ponwvs

1002 372 1243 424 XXXIII

322 470 539 522 Seruius
586 470 643 520 in
682 468 815 520 Aen.
856 468 910 519 II
951 470 1057 520 506
1106 469 1195 519 ‘de
1244 471 1413 520 morte
1461 471 1639 520 autem
1685 467 1884 520 Priami
1930 470 2077 521 uarie

179 569 375 618 lectum
416 571 510 618 est.
574 567 663 617 alii
704 566 908 632 (11611111,
949 565 1091 632 quod
1131 584 1161 615 a
1199 564 1443 633 Pyrrho
1490 565 1558 616 in
1606 565 1785 616 domo
1828 565 2079 633 quidem

176 683 282 714 3113
327 667 551 731 captus
593 666 709 729 est,
758 661 863 712 sed
906 661 979 712 ad
1019 662 1329 712 tumulum
1368 660 1645 713 Achillis
1692 664 1939 713 tractus
1980 680 2078 714 oc-

172 760 467 827 cisusque
531 761 625 809 est
686 758 861 809 iuxta
927 756 1182 826 Sigeum
1243 758 1755 826 promontorium
1819 755 1964 827 (nam
2022 759 2080 809 in

170 855 412 907 Rhoeteo
439 855 578 906 Aiax
619 855 858 922 sepultus
885 852 1011 924 est):
1053 857 1203 905 tunc
1245 855 1380 906 eius
1421 857 1612 923 caput
1652 857 1839 907 conto
1880 854 2080 906 fixum

169 951 451 1019 Pyrrhus
501 951 917 1002 circumtulit.
995 951 1084 1001 alii
1133 969 1259 1002 uero
1310 951 1451 1018 quod
1498 952 1646 1002 iuxta
1693 950 1887 1002 Hercei
1933 950 2080 1004 Iouis

170 1066 317 1099 aram
364 1048 627 1099 extinctus
677 1048 745 1098 sit
794 1048 982 1098 dicunt
1030 1089 1039 1097 .
1082 1089 1091 1098 .
1134 1089 1143 1097 .
1185 1089 1195 1098 .
1274 1050 1327 1098 et
1373 1047 1513 1097 113116
1565 1047 1874 1115 opinionem
1921 1048 2079 1115 plane

170 1144 406 1212 sequitur
431 1143 724 1212 Vergilius,
764 1144 887 1195 licet
931 1143 1092 1194 etiam
1132 1144 1279 1194 illam
1319 1144 1601 1212 praelibet,
1640 1147 1700 1194 ut
1741 1162 1836 1196 suo
1876 1143 2077 1195 indica-

168 1240 342 1290 uimus
382 1241 534 1292 loco,⁹
599 1238 749 1290 Idem
788 1239 844 1290 in
884 1238 1018 1290 Aen.
1059 1238 1113 1289 II
1153 1239 1258 1291 557
1302 1239 1466 1291 ‘iacet
1504 1240 1696 1309 ingens
1735 1240 1892 1292 litore
1931 1243 2080 1291 trun-

168 1333 278 1404 cus]
309 1335 450 1403 quod
477 1340 655 1386 autem
680 1335 807 1386 dicit
846 1336 1060 1404 litore,
1100 1336 1253 1404 illud,
1290 1339 1351 1387 ut
1377 1356 1537 1405 supra
1563 1337 1805 1404 diximus7
1846 1337 2082 1404 respicit,

170 1431 311 1499 quod
351 1432 416 1483 in
454 1431 720 1482 Pacuuii
759 1433 1097 1501 tragoedia
1138 1433 1476 1485 continetur?

318 1652 532 1705 Seruius
572 1654 629 1705 in
667 1653 801 1705 Aen.
833 1653 941 1705 VII
976 1656 1082 1707 220
1123 1653 1366 1706 cCisseis:
1406 1655 1593 1724 regina
1634 1654 1892 1706 Hecuba
1933 1655 2083 1706 filia

171 1751 463 1801 secundum
502 1749 816 1818 Euripidem
866 1748 1018 1821 (Hec.
1061 1749 1118 1821 3)
1162 1750 1391 1819 Cissei,
1439 1770 1596 1819 quem
1636 1751 1870 1820 Ennius,
1917 1752 2082 1803 Pacu-

172 1845 290 1895 uius
332 1849 383 1896 et
424 1845 696 1915 Vergilius
738 1851 1067 1916 sequuntur?
1149 1846 1228 1899 Cf.
1268 1847 1441 1900 Iliona

945 1965 1156 2019 XXXV
1197 1964 1316 2037 (26)

321 2103 331 2112 .
371 2065 493 2129 post
536 2081 696 2130 quam
736 2063 1012 2114 calamitas
1053 2063 1232 2131 plures
1274 2064 1445 2114 annos
1486 2081 1643 2113 arnas
1684 2064 1913 2115 caluitur

748 2180 987 2233 XXXVI
1029 2181 1194 2251 (Eun.
1235 2181 1373 2233 Med.
1414 2179 1510 2251 21)

322 2275 545 2345 Angues
586 2277 833 2345 ingentes
875 2278 1027 2329 alites
1068 2276 1242 2329 iuncti
1278 2278 1405 2347 iugo

287 2438 455 2478 XXXV
489 2439 601 2478 Non.
638 2441 737 2488 192,
779 2443 832 2480 30
865 2444 1030 2480 ‘arua
1058 2471 1070 2478 .
1090 2471 1098 2478 .
1118 2471 1126 2479 .
1157 2441 1378 2480 feminino
1407 2472 1416 2480 .
1436 2471 1446 2480 .
1466 2444 1502 2481 ‚²
1552 2440 1674 2480 Medi
1715 2440 1905 2480 frustum
1944 2454 2084 2494 agno-

178 2507 303 2534 scere
334 2495 444 2533 mihi
475 2495 601 2534 uisus
633 2507 742 2536 311111.
840 2495 1033 2536 XXXVI
1065 2496 1227 2536 Cicero
1260 2498 1313 2536 de
1345 2498 1436 2538 inu.
1468 2496 1491 2535 I
1514 2499 1581 2547 19,
1605 2499 1658 2537 27
1693 2497 1885 2536 ‘fabula
1918 2503 2004 2546 est,
2036 2499 2083 2536 in

177 2564 265 2603 qua
298 2564 383 2590 nec
416 2563 552 2590 uerae
587 2564 671 2590 nec
703 2552 802 2591 ueri
834 2553 1008 2593 similes
1040 2565 1113 2592 res
1147 2554 1450 2598 continentur,
1485 2552 1735 2592 cuiusmodi
1759 2557 1829 2592 est
1858 2584 1866 2592 .
1886 2556 1949 2593 ..²
1981 2554 2081 2593 Vic-

176 2608 351 2646 torinus
384 2607 564 2659 explan.
597 2608 645 2646 in
677 2608 867 2647 rhetorr.
891 2608 985 2651 Cic.
1017 2623 1057 2661 p.
1080 2610 1160 2649 202
1183 2609 1242 2648 Η.
1285 2608 1511 2648 ‘fabulam
1545 2608 1659 2648 dicit
1691 2621 1793 2648 esse
1825 2621 1943 2660 quae
1974 2610 2084 2649 nihil

179 2664 277 2703 ueri
309 2676 392 2703 nec
422 2664 519 2702 ueri
545 2663 692 2703 simile
717 2665 942 2711 continet,
978 2669 1023 2704 et
1053 2665 1132 2704 dat
1155 2665 1427 2717 exemplum:
1461 2665 1718 2705 cuiusmodi
1740 2669 1810 2705 est
1843 2670 2082 2718 angues’

178 2733 215 2760 e.
250 2733 289 2772 q.
323 2732 357 2763 S.
420 2720 521 2760 Huc
553 2725 762 2772 spectare
796 2721 1062 2762 Ciceronem
1095 2721 1149 2760 de
1183 2735 1276 2774 rep.
1309 2721 1380 2761 III
1409 2724 1448 2771 9,
1483 2723 1535 2761 14
1565 2721 1799 2762 intellexit
1830 2722 1882 2762 A.
1905 2722 2078 2763 Maius:

180 2808 321 2844 ‘nunc
354 2809 532 2854 autem,
567 2807 605 2845 si
638 2806 738 2856 quis
770 2805 848 2844 illo
881 2806 1191 2846 Pacuiano’
1226 2804 1589 2857 (PACULANQ
1631 2818 1741 2846 corr.
1772 2773 2082 2847 PACffiANO

179 2859 295 2913 eod.)
341 2860 639 2901 ‘inuehens
670 2861 868 2900 alitum
903 2862 1166 2915 anguium
1198 2875 1359 2902 curru
1390 2861 1557 2902 multas
1590 2866 1634 2901 et
1657 2863 1813 2902 uarias
1845 2859 2087 2915 gentes'et

176 2917 312 2956 urbes
345 2917 582 2969 despicere
615 2923 660 2957 et
692 2918 835 2957 oculis
869 2919 1150 2959 conlustrare
1191 2919 1373 2972 possit.³
1432 2919 1735 2971 Augustinum
1777 2919 1972 2972 denique
2006 2918 2083 2959 So-

179 2973 305 3024 liloq.
338 2973 383 3012 II
418 2976 493 3022 15,
526 2975 579 3013 29
613 2974 770 3014 6οᾶ6111
799 2974 903 3014 1060
935 2975 1001 3014 uti
1032 2976 1212 3017 notauit
1242 2974 1350 3015 Otto
1384 2975 1440 3014 ab
1475 2975 1660 3015 Osanno
1693 2975 1930 3015 laudatus:
1973 2979 2082 3014 ‘non

183 3030 318 3080 enim,
346 3041 443 3068 eum
469 3029 638 3068 dieitur
664 3031 881 3070 iunctis
911 3031 1152 3071 alitibus
1185 3032 1462 3083 anguibus
1483 3031 1683 3072 Medea
1713 3031 1956 3082 uolasse,
1990 3031 2086 3070 ulla

183 3098 236 3124 ex
269 3089 398 3136 parte
431 3098 504 3124 res
543 3086 631 3125 ista
663 3099 822 3126 uerum
852 3089 1074 3137 imitatur,
1109 3089 1277 3140 quippe
1309 3100 1426 3140 quae
1459 3088 1587 3127 nulla
1618 3089 1678 3128 sit
1704 3118 1826 3129 .....
1856 3101 1947 3128 non
1979 3101 2087 3140 ergo

180 3141 381 3181 dicemus
412 3141 522 3180 illud
563 3141 616 3181 de
650 3143 811 3183 Medea
849 3146 1008 3184 nescio
1052 3144 1167 3196 quod
1199 3150 1446 3184 monstrum
1489 3144 1656 3184 falsum
1690 3157 1791 3185 esse
1830 3175 1839 3184 .
1867 3175 1912 3183 ..
1959 3145 2085 3184 itane

180 3320 424 3364 Areualus
533 3318 632 3365 395
673 3333 741 3363 me
778 3321 891 3365 libri
998 3320 1177 3366 obtuitu
1213 3324 1379 3367 melius
1415 3322 1670 3367 uidebatur
1696 3321 1945 3380 Scalr'yero
1983 3335 2083 3365 611111

183 3388 344 3432 obtutu
392 3388 634 3448 Berylrius
673 3390 870 3447 Ephem.
910 3391 1025 3435 Hal.
1059 3391 1193 3437 1842
1225 3406 1279 3449 p.
1309 3391 1409 3437 229
1556 3392 1655 3437 396
1695 3392 1764 3435 Αἱ)
1801 3394 1932 3435 ‘initio
1972 3405 2083 3450 quae

181 3460 259 3503 uel
297 3471 344 3502 ea
384 3461 460 3503 uel
489 3460 551 3503 sic
575 3462 828 3519 flayitalur
935 3467 1201 3520 postequam
1228 3462 1278 3506 L.
1307 3462 1514 3507 Mueller
1539 3463 1597 3505 (Ie
1623 3474 1677 3505 re
1703 3476 1761 3508 m.
1789 3460 1908 3519 442,
1948 3463 2087 3506 cuius

178 3528 369 3585 formae
407 3530 625 3575 desidero
664 3532 963 3588 ezremplum:
1000 3545 1218 3590 posquam
1257 3537 1477 3591 antiquos
1515 3532 1766 3588 scripsisse
1802 3538 1877 3575 sat
1902 3538 2086 3581 notum,-

184 3597 248 3655 cs.
289 3599 580 3644 Bitscleelius
617 3614 779 3658 opusc.
819 3600 876 3645 II
909 3599 1009 3645 548
1047 3615 1146 3659 sqq.
1295 3602 1518 3646 calamitas
1567 3615 1646 3660 per
1696 3600 1846 3660 plures
1888 3602 2086 3646 Bolleius
