2294 3844
870 182 1302 225 ‹·‹›1{‹j›121,.-xluvM
1855 185 2037 226 Lxxlu

143 320 430 368 creterra
481 312 643 381 ὑδρία
704 316 747 367 L
796 318 1051 367 creterrae
1102 314 1304 367 Paulus
1360 334 1409 384 Ζ).
1463 316 1529 364 53
1580 317 1650 367 M
1691 341 1757 361 z:
1811 316 2040 369 Naevius

281 401 418 468 apud
458 400 695 452 Nonium

141 487 378 555 deiuge
419 483 706 552 ιῖποζυγόω
748 486 794 536 L
833 512 899 528 =
941 485 1206 536 Pacuvius
1244 484 1381 552 apud
1422 484 1657 536 Nonium

140 586 438 653 domitone,
504 603 598 638 scr.
658 584 1133 636 domuitionem
1200 579 1481 637 ἐπάνοδον
1540 585 1586 636 L
1638 584 2039 653 doniuitinnmn,

281 672 466 723 domus
505 670 731 722 reditum
773 669 825 721 P
858 697 923 712 =
966 668 1230 722 Pacuvius
1269 670 1408 738 apud
1447 669 1683 721 Nonium

141 759 171 808 d
188 776 317 808 usn]
333 777 364 808 u
380 776 430 808 m
469 756 728 808 incultum
767 755 919 807 P·=
960 755 1146 807 Livius
1184 756 1321 822 apud
1361 755 1573 807 Festum

140 857 322 909 facul
362 856 516 908 facile
558 856 629 920 P,
683 856 887 908 Paulus
916 874 971 922 1).
1015 855 1078 906 87
1120 855 1200 906 M.
1244 883 1308 898 =
1351 855 1637 922 Pacuvius,
1684 857 1867 907 Accius
1905 855 2039 922 apud

282 942 332 993 N
338 943 520 993 onium
551 962 559 991 :
590 942 653 992 ef.
685 940 870 992 Festus

141 1028 329 1097 fulgu
345 1029 439 1079 rio
481 1023 773 1093 (Ξστρτὶπτω
815 1027 861 1078 L
902 1053 968 1069 =
1008 1026 1242 1079 Naevius
1281 1027 1419 1095 apud
1458 1026 1694 1078 Nonium

142 1127 593 1179 inenodabilis
634 1128 903 1195 δυσχερής
953 1121 1152 1187 ἅλυτος
1202 1130 1429 1188 πλακείς
1478 1125 1680 1194 ἄδηλος
1720 1128 1765 1178 L
1816 1128 2039 1177 ineno-

281 1213 310 1263 d
326 1213 500 1264 abile
549 1214 690 1281 quod
729 1213 863 1265 solui
913 1231 1022 1264 non
1062 1216 1237 1280 potest
1274 1213 1340 1264 H
1371 1214 1431 1278 cfss
1485 1213 1536 1265 V
1567 1240 1632 1256 =
1672 1213 1862 1266 Accius
1901 1211 2037 1279 apud

281 1298 519 1350 Nonium

139 1385 195 1436 la
210 1385 331 1452 pit,
372 1385 569 1435 cruciat
607 1384 857 1436 sollicitat
897 1384 1087 1435 doliter
1125 1384 1241 1453 (ser.
1285 1384 1547 1453 dolenter)
1590 1384 1629 1435 S
1664 1384 1819 1451 lapit,
1861 1383 2040 1434 dolorc¹

282 1469 446 1520 afficit
490 1469 694 1521 Paulus
731 1488 780 1536 p.
827 1469 923 1520 118
963 1496 1029 1512 =
1073 1470 1339 1522 Paean-effus
1377 1469 1514 1537 apud
1554 1468 1789 1521 Nonium

139 1570 549 1622 manticulor
588 1568 909 1636 τεχνάζομαι
952 1571 996 1622 L
1037 1571 1113 1622 ad
1152 1570 1719 1622 manticulandum
1760 1569 1898 1620 P=
1931 1568 2035 1619 Pa.-

279 1657 457 1708 cuce'us
496 1656 635 1723 apud
673 1654 891 1707 Festum

138 1759 532 1808 matreseere
570 1754 863 1824 μητράζειν
903 1757 949 1808 L
990 1784 1056 1800 =
1098 1756 1363 1810 Pacuvius
1401 1757 1540 1825 apud
1578 1755 1816 1808 Nonium

139 1873 314 1915 moro
368 1854 539 1922 διάγω
590 1857 854 1923 διατρίβω
906 1860 1161 1924 παρέλκοι)
1213 1859 1260 1910 L
1311 1885 1376 1900 =
1426 1857 1692 1910 Pacuvius
1740 1855 1877 1923 apud
1920 1854 2039 1905 Dio-

283 1940 488 1992 medem

140 2025 498 2093 nefredem,
539 2027 798 2079 infantem
837 2029 1074 2080 nondum
1123 2029 1396 2081 dentatum
1438 2028 1490 2080 P
1525 2027 1803 2080 nefrendes
1852 2026 2038 2093 υέβροι

282 2111 328 2162 L
368 2138 433 2154 =
475 2112 661 2164 Livius
699 2113 837 2181 apud
877 2113 1091 2166 Festum

139 2197 354 2249 nitido
396 2196 658 2249 καλλύνω
698 2199 744 2250 L
785 2225 850 2241 =
889 2199 1126 2263 Ennius,
1168 2200 1358 2252 Accius
1396 2198 1533 2266 apud
1571 2196 1808 2250 Nonium

139 2298 289 2350 niuet
326 2300 548 2364 χιονίζει
588 2298 659 2362 L,
704 2301 856 2352 immo
894 2301 1069 2352 niuit
1106 2327 1172 2343 =
1215 2300 1479 2352 Pacuvius
1517 2299 1655 2366 apud
1694 2298 1929 2350 Nonium

142 2402 504 2467 perpetem,
544 2403 858 2467 perpetuum
897 2401 1010 2451 13²⁰
1049 2426 1116 2442 =
1158 2399 1423 2452 Pacuvius
1461 2400 1598 2467 apud
1638 2399 1852 2450 Festum

140 2499 502 2567 poenitudo
543 2501 806 2565 μετάνοια
836 2501 881 2551 L
919 2499 1199 2567 penitudo,
1238 2500 1570 2567 poenitentia
1611 2500 1721 2551 152⁰·
1762 2526 1827 2542 =
1870 2498 2039 2549 Pacu-

279 2586 395 2636 vius
433 2583 572 2651 apud
609 2584 847 2636 Nonium

138 2669 378 2737 repedo
429 2666 738 2732 ἅναποδίζω
791 2670 838 2721 L
889 2671 1096 2738 respida
1147 2671 1266 2740 (scr.
1306 2670 1596 2739 repeda),
1636 2669 1745 2721 redi
1786 2668 1849 2721 ad
1897 2676 1946 2720 te
2000 2668 2044 2718 V

281 2753 521 2821 (repedat
556 2753 621 2804 H
627 2754 802 2824 13208)
841 2782 909 2798 =
950 2755 1217 2808 Pacuvius
1254 2757 1394 2825 apud
1432 2755 1647 2808 Festum

141 2839 304 2890 rimo
343 2837 630 2904 ἀνερευνῶ
668 2839 716 2890 L
753 2866 821 2882 =
861 2840 1128 2894 Pacuvius
1165 2841 1305 2909 apud
1343 2840 1579 2893 Nonium

140 2922 337 2975 rudus
375 2925 556 2989 βῶλος
595 2923 642 2974 L
680 2950 748 2966 =
785 2924 976 2978 Accius
1013 2927 1153 2994 apud
1192 2926 1408 2978 Festum

143 3007 407 3061 Salacia
444 3006 741 3075 ἀμφιτρίτη
783 3019 969 3078 νηρεῖς
1007 3013 1126 3079 (scr.
1168 3012 1386 3080 νηρηίς)
1427 3011 1474 3062 L
1501 3037 1568 3053 =
1597 3010 1863 3063 Pacuvius
1902 3008 2037 3075 apud

284 3092 499 3145 Festum

142 3179 545 3231 salmacidus
584 3175 834 3245 ἁλμυράς
872 3175 1086 3248 ἁλώδης
1125 3181 1173 3232 L
1212 3208 1279 3224 =
1317 3181 1532 3233 Ennius
1568 3180 1707 3248 apud
1747 3178 1958 3229 Festum

141 3263 567 3316 tabifieabile
605 3263 970 3331 τηκεδονικόν
1009 3266 1056 3317 L
1093 3291 1161 3308 =
1199 3267 1390 3319 Accius
1427 3265 1566 3333 apud
1602 3264 1838 3316 Nonium

142 3351 374 3417 tesqua
411 3350 522 3401 siue
561 3352 741 3402 tescua
778 3349 1157 3417 κατάκρημνοι
1185 3352 1276 3402 καὶ
1316 3350 1499 3418 ράχεις
1526 3350 1614 3401 καὶ
1653 3348 1850 3415 ’ἑρυμοι
1878 3345 2033 3397 τόποι

283 3434 331 3484 L
369 3437 554 3502 tesqua
592 3434 797 3487 deserta
834 3453 1018 3503 aspera
1055 3435 1098 3488 S
1132 3462 1200 3479 =
1237 3436 1429 3489 Accius
1465 3434 1605 3502 apud
1643 3432 1939 3485 Varronem
1987 3435 2039 3482 et

282 3517 498 3570 Festum
