2294 3844
232 233 352 277 LXII
962 231 1396 275 COROLLARIVM

233 375 281 419 et
317 367 603 419 avunculus
638 366 738 418 dici
772 369 966 434 potuit:
1009 385 1132 419 nam
1166 367 1350 418 matris
1389 366 1555 417 sorori
1589 366 1678 434 qui
1702 366 1923 418 maritus
1956 365 2127 418 fuerat

233 456 548 507 avunculum
590 454 783 507 Seneca
834 474 1039 524 quoque
1089 456 1320 524 appellat
1367 455 1421 505 in
1462 472 1602 506 cons.
1644 455 1708 505 ad
1747 453 1897 506 Helv.
1942 455 2029 522 19,
2076 455 2125 506 4.

237 545 454 595 Videtur
480 549 655 596 autem
682 546 793 612 ipse
820 545 929 612 Itys
955 545 1207 595 liberator
1231 545 1316 594 ille
1336 547 1387 594 et
1411 543 1743 611 tyrannicida
1767 542 1943 611 fuisse,
1969 561 2123 610 quem

231 652 348 684 cum
403 633 568 684 Bruto
625 634 894 700 componit
943 633 1139 685 Cicero.
1223 631 1399 700 thue
1456 632 1806 683 ablativorum
1863 635 2125 683 structura

230 723 438 789 planius
473 725 746 789 appareat,
778 721 1002 772 fortasse
1035 738 1185 788 nepos
1217 721 1485 772 addendus
1520 723 1600 770 est
1638 720 1778 770 hunc
1816 719 1872 770 in
1909 720 2124 771 modum

590 825 606 865 5
643 853 651 860 .
695 852 702 860 .
746 852 754 860 .
796 823 813 865 .'
849 852 857 860 .
898 828 1069 861 nouus
1109 812 1274 877 nepos
1314 808 1490 861 nouod
1532 808 1793 858 auunculo

378 897 439 949 V.
467 899 570 950 663
605 899 804 966 inpellit
837 899 1096 965 3011111-1113
1121 916 1183 949 ex
1216 898 1387 949 forma
1418 897 1620 964 ‘inpellet‘
1651 900 1828 964 potest
1853 899 1969 947 orta
1994 914 2122 948 esse.

377 985 439 1038 V.
488 988 607 1039 668.
692 987 911 1038 Minime
959 990 1155 1038 certam
1209 1005 1322 1038 esse
1370 985 1542 1037 iudico
1589 985 1941 1053 trisyllabam,
1990 1003 2122 1063 quae

233 1075 283 1125 L.
325 1074 577 1126 Muellero
617 1076 836 1143 placuit,
876 1076 1107 1126 nominis
1148 1075 1327 1127 Peleus
1365 1075 1591 1125 formam
1640 1073 1778 1141 apud
1826 1073 2122 1125 scaenicum

230 1168 462 1230 poetam,
527 1165 615 1230 qui
669 1165 857 1215 Atreus
912 1163 1097 1214 Persen
1161 1163 1352 1213 similia
1415 1163 1554 1213 binis
1612 1162 1827 1229 syllabis
1889 1162 2122 1230 proferre

230 1252 570 1302 consueverit.
640 1250 712 1301 Et
751 1254 927 1318 potest
965 1254 1176 1318 praeter
1213 1251 1540 1301 trochaicum
1574 1250 1925 1318 octonarium,
1967 1269 2126 1318 quem

229 1341 353 1390 olim
402 1340 666 1407 discripsi,
706 1339 866 1390 etiam
906 1339 1119 1391 iambici
1160 1339 1417 1391 octonarii
1457 1338 1684 1390 frustum
1724 1338 1909 1391 fuisse:
2083 1339 2086 1341 ’

367 1430 472 1479 iam
510 1429 648 1479 hanc
689 1428 873 1478 urbem
913 1429 1051 1479 ferro
1092 1429 1301 1480 uastam
1340 1428 1498 1478 faciet
1537 1426 1724 1478 Peleus
1765 1470 1980 1480 .....

377 1517 651 1568 Traditum
700 1517 755 1567 in
803 1535 846 1567 V.
889 1517 994 1568 679
1043 1517 1171 1584 bigsis
1218 1516 1503 1567 defendens
1550 1514 1902 1568 Buechelerus
1942 1535 2004 1568 ex
2045 1535 2122 1568 se-

228 1608 509 1675 quentibus
551 1605 767 1657 verbum
809 1605 1095 1656 eruendum
1143 1608 1317 1673 putat,
1369 1605 1506 1655 unde
1545 1606 1713 1657 Sidera
1755 1605 2121 1672 suspendatur,

229 1698 369 1747 velut
404 1697 565 1747 invise,
598 1696 719 1758 tuis,
759 1695 814 1745 in
846 1695 949 1745 fine
976 1698 1152 1745 autem
1187 1693 1326 1761 quod
1358 1694 1551 1761 legitur
1581 1694 1758 1760 spoliis
1788 1693 2120 1744 abiciendum

229 1789 285 1834 ut
326 1788 511 1834 natum
552 1802 614 1834 ex
653 1784 744 1834 illo
775 1783 941 1849 polus.
1003 1781 1137 1832 Mihi
1177 1799 1300 1833 vero
1341 1782 1489 1849 biffl‘s,
1531 1782 1670 1850 quod
1709 1800 1802 1849 per
1842 1799 1896 1832 se
1937 1784 2119 1849 aptum

227 1891 339 1924 esse
379 1891 488 1924 non
527 1889 664 1940 nego
676 1914 688 1939 ,
736 1872 903 1922 multo
943 1870 1148 1921 videtur
1194 1870 1521 1938 probabilius
1571 1870 1645 1922 310
1685 1870 1931 1922 001100311
1958 1889 1968 1921 :
1994 1870 2122 1936 biyis

226 1961 457 2012 Permide
493 1961 693 2027 polum,
747 1961 882 2012 falso
941 1964 1115 2011 aut-em
1171 1960 1287 2010 1000
1342 1959 1598 2010 11139111111]
1663 1958 1924 2026 expulisse
1980 1957 2121 2026 quod

228 2050 520 2100 rectissime
560 2049 763 2100 invenit
802 2047 1026 2100 Bothius
1068 2048 1213 2100 binis.

370 2137 433 2188 V.
475 2139 578 2189 689
619 2139 714 2188 rite
755 2155 872 2188 cum
914 2135 1180 2205 Scaligero
1220 2154 1329 2188 non
1369 2136 1594 2188 coniciet
1640 2136 1728 2204 qui
1769 2139 1822 2186 91
1859 2135 2118 2188 Varronis

224 2227 382 2278 verba
409 2230 647 2278 accurate
688 2227 875 2294 legerit
907 2229 959 2276 91
992 2225 1160 2276 multo
1185 2225 1446 2276 1111101911]
1480 2243 1592 2276 9339
1632 2224 1954 2275 locutionem
1993 2224 2118 2275 ‘rite

224 2316 466 2381 perfectis
509 2316 695 2366 sacris'
740 2332 898 2382 quam
938 2314 1083 2364 illam
1125 2315 1299 2364 ‘recte’
1344 2312 1667 2380 cogitaverit.

370 2403 433 2454 V.
476 2404 595 2455 69⁶2.
666 2402 869 2469 Errori,
911 2420 1013 2469 quo
1043 2402 1337 2467 pallescit
1374 2404 1636 2452 mutatum
1678 2404 1758 2451 931
1796 2401 1852 2451 in
1888 2402 2117 2468 patescit,

227 2492 395 2542 simile
445 2495 523 2542 est
572 2491 711 2559 quod
758 2491 814 2541 in
871 2489 1064 2543 Catulli
1120 2489 1462 2557 epithalamio
1510 2507 1720 2540 versum
1768 2490 1839 2540 20
1886 2488 2114 2541 Lauren-

223 2581 400 2631 tianus
442 2580 603 2631 codex
642 2597 803 2630 manu
844 2580 1016 2647 priore
1057 2579 1129 2629 310
1171 2579 1424 2646 scriptum
1468 2575 1701 2629 exhibet:

553 2666 788 2735 Hespere
830 2668 917 2735 qui
958 2668 1101 2718 03910
1131 2668 1304 2734 potuit
1342 2666 1600 2717 crudelior
1638 2667 1776 2735 ignis

224 2758 312 2808 ubi
353 2758 510 2808 ceteri
550 2756 677 2807 boni
718 2774 900 2807 omnes
941 2773 1059 2807 011111
1099 2755 1352 2806 Thuaneo
1388 2754 1552 2820 fertur
1591 2756 1859 2822 praebent.
1926 2754 2113 2805 Ortum

226 2844 353 2895 illud
393 2845 644 2896 nimirum
685 2849 763 2896 est
804 2863 865 2896 ex
904 2845 1003 2896 hoc
1033 2844 1215 2911 pallet,
1256 2861 1359 2911 quo
1401 2860 1526 2894 sane
1566 2841 1625 2894 fit
1663 2846 1722 2894 ut
1760 2843 1940 2894 laudes
1979 2842 2112 2894 Hes-

226 2933 334 2999 peri
374 2952 418 2984 v.
460 2935 528 2985 26

536 3021 794 3090 Η9311919,
836 3022 923 3090 (1111
965 3022 1108 3073 03910
1150 3021 1276 3074 lucet
1313 3019 1590 3074 iucundior
1627 3020 1805 3089 igins?

223 3111 388 3162 multo
429 3111 735 3163 concinnius
777 3111 1131 3178 respondeant
1170 3111 1502 3163 execrationi.

368 3198 424 3250 P.
466 3200 568 3251 227
612 3201 710 3252 1110.
751 3200 853 3251 fab.
898 3198 1060 3250 XLII.
1140 3198 1290 3260 Quod
1329 3198 1589 3250 Lucilium
1631 3195 1902 3263 scripsisse
1942 3194 1998 3247 O.
2038 3193 2108 3246 M.

223 3287 495 3339 Francken
535 3289 589 3339 in
627 3287 993 3341 Coniectaneis
1025 3288 1219 3339 criticis
1253 3288 1318 3339 ad
1350 3286 1536 3339 Lucilii
1575 3286 1830 3337 librorum
1863 3283 2108 3334 decadem

222 3377 503 3427 secundam
545 3382 595 3428 et
633 3378 845 3428 tertiam
885 3395 932 3445 p.
979 3379 1039 3427 11
1084 3377 1402 3443 suspicatur:

533 3484 692 3533 quare
731 3484 827 3534 pro
867 3465 999 3517 facie
1038 3483 1134 3532 pro
1176 3470 1379 3517 statura
1418 3461 1568 3524 ἄξιος
1605 3456 1752 3526 ω’νῆς

223 3571 329 3603 non
370 3555 751 3622 proposuisset,
801 3555 1008 3621 opinor,
1057 3555 1099 3604 si
1140 3553 1416 3605 Ritschelii
1464 3552 1526 3602 de
1573 3551 1820 3602 fictilibus
1860 3549 2107 3600 litteratis
