2294 3844
993 268 1044 318 Q.
1080 268 1304 308 ENvas
2033 266 2100 318 73

865 398 1100 451 XLVIII
1142 396 1325 467 (XLIX.
1367 396 1425 468 3)

341 496 578 549 Vocibus
619 494 860 548 concide:
902 496 1038 547 faxis
1081 538 1090 547 .
1132 538 1141 547 .
1183 498 1384 547 musset
1424 495 1662 546 obrutus.

723 599 900 652 XLIX
943 599 1018 670 (L.
1062 601 1132 652 32
1171 600 1272 652 inc,
1313 617 1445 651 com.
1492 597 1581 667 13)

341 697 427 750 Ad
469 716 589 750 eum
629 697 915 749 adit-uuere.

989 792 1032 845 L
1074 790 1169 862 (LI.
1212 791 1307 864 59)

195 892 302 944 395
345 934 354 943 .
399 934 407 942 .
450 933 459 942 .
503 934 511 942 .
553 889 808 943 festsuum
847 889 1110 942 festinant
1149 890 1303 942 diem.

966 985 1038 1037 LI
1080 984 1204 1056 (LII.
1247 985 1341 1057 69)

344 1127 559 1135 .....
602 1084 793 1136 cubitis
833 1083 1111 1152 pinsibzint
1149 1083 1386 1135 humum.

943 1178 1044 1232 LII
1084 1177 1226 1250 (Lm.
1269 1178 1363 1250 35)

343 1320 715 1330 ........
756 1274 1118 1346 imprimitque
1159 1278 1330 1347 genae
1370 1294 1577 1346 genam.

983 1373 1110 1426 LIII
1152 1371 1303 1445 (LIV)

345 1468 823 1543 [Nam]flamma1n
863 1471 1075 1540 sapiens
1106 1472 1317 1525 facilius
1359 1473 1447 1524 ore
1488 1471 1544 1523 in
1577 1471 1794 1523 ardente
1836 1469 2105 1539 opprimit,

341 1567 512 1631 Quam
552 1569 695 1620 bona
736 1568 877 1620 dicta
915 1570 1111 1621 teneat.

997 1664 1123 1718 LIV
1163 1663 1296 1736 (LV)

194 1764 303 1817 400
344 1760 611 1832 Quiquam
652 1763 934 1833 quisquam
991 1761 1278 1833 quicquam
1324 1781 1650 1832 quomquam
1699 1760 1931 1830 quidque
1980 1777 2101 1812 con-

1258 1860 1442 1913 ueniat
1480 1858 1680 1929 neget?

193 1994 339 2034 nebus
369 1993 482 2034 Adu,
515 1993 673 2035 XXIII
706 1996 757 2036 16
788 1992 1127 2035 Varronem-'de
1160 2007 1206 2034 re
1239 1998 1348 2034 rust.
1379 1994 1448 2034 III
1478 1996 1526 2046 9,
1561 1995 1612 2034 19
1645 1992 1785 2045 ‘quod
1819 1991 2021 2045 antiqui,
2053 1993 2103 2030 ut

197 2051 366 2090 Thetin
397 2050 612 2090 Thelim
646 2051 888 2101 dicebant,
930 2052 997 2091 sie
1026 2050 1252 2090 Medicam
1283 2051 1494 2090 Melicam
1526 2051 1788 2091 uocabant.’
1911 2046 2104 2088 XLVIII

193 2107 336 2148 Varro
367 2106 423 2147 de
454 2106 483 2149 l.
518 2108 571 2147 L.
603 2108 690 2147 VII
722 2109 799 2148 101
823 2109 883 2149 M.
918 2106 1065 2160 ‘apud
1097 2108 1315 2150 Ennium:
1349 2107 1565 2148 uocibus’
1599 2120 1638 2150 e.
1669 2120 1709 2159 q.
1746 2119 1780 2146 5.
1823 2110 2100 2145 ‘mussare

193 2164 386 2213 dietum,
431 2163 547 2216 quod
579 2165 692 2204 muti
724 2177 811 2205 non
845 2164 1040 2217 amplius
1073 2176 1206 2216 quam
1239 2163 1302 2217 μῦ
1336 2164 1525 2207 dicu11t.’
1588 2163 1661 2205 Cf.
1695 2163 1879 2204 Seruius
1911 2163 1957 2201 in
1988 2163 2100 2203 Aen.

192 2220 281 2261 XII
301 2222 382 2261 657
415 2221 609 2261 ‘Ennius
641 2233 892 2262 mussare
925 2234 1005 2273 pro
1036 2223 1191 2261 tacere
1215 2221 1405 2273 posuit.’
1474 2219 1622 2259 XLIX
1645 2219 1891 2260 Diomedes
1913 2219 1934 2258 I
1959 2231 1997 2270 p.
2020 2218 2101 2258 336

193 2279 245 2318 P.
293 2277 429 2317 ‘item
461 2277 575 2318 adeo
609 2277 722 2317 adis.
774 2278 857 2318 hoc
879 2277 1097 2318 iteramus
1131 2277 1285 2318 adito
1318 2277 1471 2317 aditas
1504 2276 1795 2326 dictitantes,
1828 2279 1880 2315 ut
1901 2275 2098 2314 Ennius:

195 2333 253 2374 ad
286 2347 386 2374 eum
418 2333 691 2374 aditauere.’
837 2335 873 2373 L
908 2333 1090 2374 Seruius
1130 2334 1176 2373 in
1208 2335 1319 2374 Aen.
1353 2333 1419 2373 IX
1449 2335 1529 2373 401
1573 2333 1788 2384 ‘antique
1829 2334 2100 2384 properet

193 2394 404 2443 mortem,
444 2395 495 2430 ut
522 2390 740 2431 Plautus:
781 2404 1023 2443 properare
1055 2391 1312 2443 prandium3
1347 2391 1543 2430 Ennius:
1578 2389 1793 2429 festiuum
1825 2388 1857 2428 f.
1892 2388 1953 2428 d.'
1995 2387 2101 2426 Phi-

192 2447 421 2500 largyrius
451 2447 498 2486 in
529 2447 610 2490 Ge.
644 2449 707 2488 IV
741 2449 820 2489 170
859 2447 1078 2488 ‘fulmina
1119 2451 1424 2500 properant
1462 2450 1645 2487 uetuste
1679 2446 1763 2492 ait,
1805 2449 1855 2484 ut
1884 2444 2098 2484 Plautus:

193 2507 448 2570 properant
481 2504 741 2567 prandium,
785 2508 830 2544 et
861 2504 1057 2544 Ennius:
1106 2504 1394 2544 festinant
1431 2503 1583 2545 dIem!
1645 2502 1718 2542 Cf.
1752 2501 1897 2544 GIOSS.
1930 2501 2101 2542 Labb.:

194 2561 394 2601 ‘festiue
426 2553 658 2612 ἕορτοὶζω)
747 2560 810 2600 LI
841 2561 984 2601 Varro
1017 2560 1072 2601 de
1103 2561 1133 2602 1.
1157 2562 1208 2601 L.
1233 2563 1272 2601 V
1304 2563 1357 2601 23
1387 2562 1449 2601 M.
1483 2563 1633 2600 ‘terra
1664 2562 1715 2599 ut
1745 2562 1911 2612 putant
1942 2557 2102 2597 eadem

193 2621 239 2657 et
269 2617 488 2658 humus:
529 2617 634 2658 ideo
666 2617 862 2657 Ennium
893 2618 942 2657 in
973 2621 1140 2658 terram
1173 2617 1377 2658 cadentis
1410 2617 1562 2657 dicere
1594 2647 1631 2657 ..
1651 2619 1686 2657 .’
1739 2615 1797 2655 cf.
1830 2615 2102 2666 Hartungus

193 2674 349 2726 Eurip.
381 2678 489 2714 rest.
513 2674 557 2714 ΙΙ
579 2675 632 2714 53
728 2674 815 2713 LII
846 2673 1034 2714 Seruius
1065 2675 1111 2713 in
1141 2672 1256 2716 Aen.
1279 2676 1319 2715 V
1340 2674 1422 2715 686
1455 2673 1657 2713 ‘Ennius
1688 2671 1749 2712 de
1781 2671 2100 2712 dormiente

296 2734 307 2753 ’
424 2731 533 2771 LIII
567 2730 726 2770 Cicero
760 2729 813 2770 de
846 2734 961 2773 orat.
991 2730 1036 2771 II
1068 2732 1142 2781 54,
1176 2732 1257 2771 2-22
1291 2729 1437 2783 ‘quod
1470 2733 1541 2770 est
1572 2728 1829 2770 hominibus
1859 2727 2023 2768 facetis
2049 2730 2102 2766 et

194 2762 432 2827 dicacibus
470 2785 808 2838 difficillimum,
849 2787 1021 2827 habere
1061 2787 1290 2828 hominum
1328 2787 1555 2826 rationem
1596 2790 1642 2826 et
1682 2789 1934 2837 temporum
1967 2787 2014 2824 et
2046 2796 2101 2823 ea

195 2856 311 2896 quae
352 2847 611 2893 occurrant,
650 2856 751 2883 eum
789 2843 1039 2884 salsissime
1079 2843 1171 2884 dici
1209 2845 1407 2896 possint,
1446 2848 1615 2884 tenete.
1683 2841 1846 2894 Itaque
1895 2838 2101 2881 nonnulli

195 2898 379 2939 ridiculi
417 2899 622 2940 homines
661 2900 744 2941 hoe
783 2902 930 2953 ipsum
968 2913 1058 2940 non
1089 2899 1263 2941 insulse
1302 2901 1666 2952 interpretantur
1703 2897 1856 2938 dicere
1889 2898 2099 2944 Ennium,

195 2955 466 2996 flammam
506 2969 533 2996 a
573 2957 832 3009 sapiente
867 2957 1103 2997 facilius
1136 2970 1226 2997 ore
1260 2958 1315 2996 in
1355 2956 1597 2996 ardente
1640 2955 1900 3008 opprimi,
1942 2966 2099 3006 quam

193 3013 236 3053 b.
269 3011 309 3052 d.
344 3016 398 3051 t.:
430 3012 542 3052 11388
571 3013 749 3054 scilieet
780 3013 900 3053 bona
933 3013 1083 3064 dicta,
1119 3026 1234 3066 quae
1267 3013 1390 3054 salsa
1410 3014 1535 3053 sint)
1574 3009 1834 3064 (Ennium
1857 3024 1941 3051 om.
1967 3009 2097 3051 Voss.

194 3069 328 3113 Leid.
374 3069 843 3122 interpretantur
887 3069 1078 3111 dicere
1125 3071 1360 3110 Ennium
1397 3069 1584 3110 Bakius.
1635 3068 2098 3120 interpretantur.

339 3219 439 3265 393
480 3219 590 3263 faxis
628 3214 824 3280 musset]
865 3218 1051 3264 facimus
1090 3225 1135 3263 et
1171 3219 1306 3265 Flor.
1347 3233 1454 3264 cum
1478 3218 1613 3264 libris
1630 3219 1878 3276 plerisque
1916 3215 2098 3259 facimus

195 3296 365 3335 musset
396 3290 605 3335 Turnebz‘
639 3291 740 3335 eod.
782 3288 875 3334 face
901 3296 1073 3334 musset
1103 3289 1353 3335 Turnebus
1378 3290 1448 3334 sac
1484 3289 1519 3333 is
1557 3294 1725 3332 musset
1757 3286 1806 3332 Ο.
1834 3285 2098 3331 Muellerus

195 3361 254 3405 In
291 3363 472 3406 lacuna
512 3359 624 3404 sama
661 3362 881 3419 suppleri
916 3362 1067 3406 uelim.
1240 3359 1339 3405 395
1379 3359 1684 3417 festinamque
1731 3357 1845 3402 diem
1884 3354 2098 3399 sestiuant

196 3430 389 3476 Merula
568 3430 668 3476 396
706 3429 941 3490 pinsebant
981 3430 1115 3475 Goth.
1158 3430 1226 3488 ef.
1267 3431 1430 3475 annal.
1471 3428 1572 3475 354
1751 3426 1849 3471 397
1904 3425 2098 3470 Videtur

197 3501 443 3546 delendum
470 3514 573 3546 esse
613 3515 700 3560 que
809 3500 908 3546 398
948 3514 1046 3544 nam
1077 3515 1162 3545 om.
1194 3500 1359 3546 Cicero
1467 3500 1715 3544 Inclireeta
1755 3498 1970 3540 oratione
2007 3497 2095 3539 uti-

200 3575 280 3614 tur
319 3570 482 3616 Cicero
626 3570 729 3618 400
768 3572 1001 3630 quisquam
1043 3572 1277 3630 quicquam
1319 3583 1570 3630 quanquam
1617 3579 1867 3626 quenquam
1907 3565 2097 3623 quisque

201 3640 440 3684 conueniat
498 3640 648 3699 Opitz.
717 3641 950 3700 quicquam
1007 3641 1241 3701 quisquam
1295 3652 1558 3699 quemquam
1616 3637 1804 3695 qu1sque
1859 3635 2098 3679 conueniet
