<?xml version="1.0" encoding="UTF-8"?>
<!DOCTYPE html PUBLIC "-//W3C//DTD XHTML 1.0 Transitional//EN"
    "http://www.w3.org/TR/xhtml1/DTD/xhtml1-transitional.dtd">
<html xmlns="http://www.w3.org/1999/xhtml" xml:lang="en" lang="en">
 <head>
  <title>
</title>
<meta http-equiv="Content-Type" content="text/html;charset=utf-8" />
  <meta name='ocr-system' content='tesseract 3.04.00' />
  <meta name='ocr-capabilities' content='ocr_page ocr_carea ocr_par ocr_line ocrx_word'/>
</head>
<body>
  <div class='ocr_page' id='page_1' title='image "./scaenicaeromano01ribbuoft_0164.png"; bbox 0 0 2294 3844; ppageno 0'>
   <div class='ocr_carea' id='block_1_1' title="bbox 162 206 1264 261">
    <p class='ocr_par' dir='ltr' id='par_1_1' title="bbox 162 206 1264 261">
     <span class='ocr_line' id='line_1_1' title="bbox 162 206 1264 261; baseline -0.005 -3"><span class='ocrx_word' id='word_1_1' title='bbox 162 206 228 258; x_wconf 80' lang='lat'>72</span> <span class='ocrx_word' id='word_1_2' title='bbox 954 212 1007 261; x_wconf 85' lang='lat' dir='ltr'>Q.</span> <span class='ocrx_word' id='word_1_3' title='bbox 1041 210 1264 252; x_wconf 77' lang='lat' dir='ltr'>ENNIVs</span> 
     </span>
    </p>
   </div>
   <div class='ocr_carea' id='block_1_2' title="bbox 156 336 2069 1180">
    <p class='ocr_par' dir='ltr' id='par_1_2' title="bbox 413 336 1759 503">
     <span class='ocr_line' id='line_1_2' title="bbox 850 336 1367 412; baseline 0.006 -21"><span class='ocrx_word' id='word_1_4' title='bbox 850 338 1003 391; x_wconf 89' lang='lat' dir='ltr'>XLII</span> <span class='ocrx_word' id='word_1_5' title='bbox 1045 336 1230 408; x_wconf 81' lang='lat' dir='ltr'>(XLIII.</span> <span class='ocrx_word' id='word_1_6' title='bbox 1271 339 1367 412; x_wconf 79' lang='lat'>45)</span> 
     </span>
     <span class='ocr_line' id='line_1_3' title="bbox 413 434 1759 503; baseline 0.004 -18"><span class='ocrx_word' id='word_1_7' title='bbox 413 476 421 484; x_wconf 95' lang='lat'>.</span> <span class='ocrx_word' id='word_1_8' title='bbox 462 434 644 486; x_wconf 86' lang='lat' dir='ltr'>uiuam</span> <span class='ocrx_word' id='word_1_9' title='bbox 684 453 755 486; x_wconf 83' lang='lat' dir='ltr'>an</span> <span class='ocrx_word' id='word_1_10' title='bbox 792 436 1004 503; x_wconf 74' lang='lat' dir='ltr'>moriar,</span> <span class='ocrx_word' id='word_1_11' title='bbox 1042 436 1192 487; x_wconf 77' lang='lat' dir='ltr'>nulla</span> <span class='ocrx_word' id='word_1_12' title='bbox 1230 436 1288 488; x_wconf 85' lang='lat' dir='ltr'>in</span> <span class='ocrx_word' id='word_1_13' title='bbox 1327 456 1411 489; x_wconf 89' lang='lat' dir='ltr'>me</span> <span class='ocrx_word' id='word_1_14' title='bbox 1452 440 1533 490; x_wconf 78' lang='lat' dir='ltr'>est</span> <span class='ocrx_word' id='word_1_15' title='bbox 1571 441 1759 491; x_wconf 85' lang='lat' dir='ltr'>metus.</span> 
     </span>
    </p>

    <p class='ocr_par' dir='ltr' id='par_1_3' title="bbox 832 528 1380 603">
     <span class='ocr_line' id='line_1_4' title="bbox 832 528 1380 603; baseline 0.004 -20"><span class='ocrx_word' id='word_1_16' title='bbox 832 531 1013 583; x_wconf 82' lang='lat' dir='ltr'>XLIII</span> <span class='ocrx_word' id='word_1_17' title='bbox 1055 528 1243 601; x_wconf 64' lang='lat' dir='ltr'>(XLIV.</span> <span class='ocrx_word' id='word_1_18' title='bbox 1290 531 1380 603; x_wconf 79' lang='grc'>18)</span> 
     </span>
    </p>

    <p class='ocr_par' dir='ltr' id='par_1_4' title="bbox 307 625 1472 795">
     <span class='ocr_line' id='line_1_5' title="bbox 307 625 1472 681; baseline 0.003 -3"><span class='ocrx_word' id='word_1_19' title='bbox 307 625 530 678; x_wconf 72' lang='lat' dir='ltr'>Amicus</span> <span class='ocrx_word' id='word_1_20' title='bbox 571 629 746 679; x_wconf 85' lang='lat' dir='ltr'>certus</span> <span class='ocrx_word' id='word_1_21' title='bbox 786 625 845 678; x_wconf 76' lang='lat' dir='ltr'>in</span> <span class='ocrx_word' id='word_1_22' title='bbox 883 646 938 679; x_wconf 84' lang='lat' dir='ltr'>re</span> <span class='ocrx_word' id='word_1_23' title='bbox 978 628 1183 679; x_wconf 80' lang='lat' dir='ltr'>incerta</span> <span class='ocrx_word' id='word_1_24' title='bbox 1224 629 1472 681; x_wconf 77' lang='lat' dir='ltr'>cernitur.</span> 
     </span>
     <span class='ocr_line' id='line_1_6' title="bbox 855 721 1373 795; baseline 0.004 -20"><span class='ocrx_word' id='word_1_25' title='bbox 855 723 1034 776; x_wconf 89' lang='lat' dir='ltr'>XLIV</span> <span class='ocrx_word' id='word_1_26' title='bbox 1075 721 1236 794; x_wconf 83' lang='lat' dir='ltr'>(XLV.</span> <span class='ocrx_word' id='word_1_27' title='bbox 1283 723 1373 795; x_wconf 83' lang='lat'>16)</span> 
     </span>
    </p>

    <p class='ocr_par' dir='ltr' id='par_1_5' title="bbox 310 816 1678 876">
     <span class='ocr_line' id='line_1_7' title="bbox 310 816 1678 876; baseline 0.004 -6"><span class='ocrx_word' id='word_1_28' title='bbox 310 816 458 870; x_wconf 88' lang='lat' dir='ltr'>Bene</span> <span class='ocrx_word' id='word_1_29' title='bbox 498 818 641 870; x_wconf 61' lang='lat' dir='ltr'>facta</span> <span class='ocrx_word' id='word_1_30' title='bbox 680 819 818 871; x_wconf 82' lang='lat' dir='ltr'>male</span> <span class='ocrx_word' id='word_1_31' title='bbox 859 820 1035 872; x_wconf 70' lang='lat' dir='ltr'>locata</span> <span class='ocrx_word' id='word_1_32' title='bbox 1074 821 1212 873; x_wconf 82' lang='lat' dir='ltr'>male</span> <span class='ocrx_word' id='word_1_33' title='bbox 1251 821 1396 874; x_wconf 84' lang='lat' dir='ltr'>facta</span> <span class='ocrx_word' id='word_1_34' title='bbox 1435 823 1678 876; x_wconf 66' lang='lat' dir='ltr'>arbitror.</span> 
     </span>
    </p>

    <p class='ocr_par' dir='ltr' id='par_1_6' title="bbox 156 914 2069 1083">
     <span class='ocr_line' id='line_1_8' title="bbox 915 914 1309 987; baseline -0.013 -19"><span class='ocrx_word' id='word_1_35' title='bbox 915 915 1065 969; x_wconf 90' lang='lat' dir='ltr'>XLV</span> <span class='ocrx_word' id='word_1_36' title='bbox 1115 914 1309 987; x_wconf 78' lang='lat' dir='ltr'>(XLVI)</span> 
     </span>
     <span class='ocr_line' id='line_1_9' title="bbox 156 1009 2069 1083; baseline 0.003 -22"><span class='ocrx_word' id='word_1_37' title='bbox 156 1010 263 1062; x_wconf 77' lang='lat'>390</span> <span class='ocrx_word' id='word_1_38' title='bbox 315 1009 615 1062; x_wconf 73' lang='lat' dir='ltr'>Mulierem:</span> <span class='ocrx_word' id='word_1_39' title='bbox 657 1012 783 1079; x_wconf 83' lang='lat' dir='ltr'>quid</span> <span class='ocrx_word' id='word_1_40' title='bbox 822 1012 1002 1080; x_wconf 76' lang='lat' dir='ltr'>potius</span> <span class='ocrx_word' id='word_1_41' title='bbox 1044 1013 1216 1065; x_wconf 78' lang='lat' dir='ltr'>(licam</span> <span class='ocrx_word' id='word_1_42' title='bbox 1241 1017 1334 1065; x_wconf 85' lang='lat' dir='ltr'>aut</span> <span class='ocrx_word' id='word_1_43' title='bbox 1372 1015 1549 1067; x_wconf 79' lang='lat' dir='ltr'>uerius</span> <span class='ocrx_word' id='word_1_44' title='bbox 1576 1034 1736 1083; x_wconf 85' lang='lat' dir='ltr'>quam</span> <span class='ocrx_word' id='word_1_45' title='bbox 1759 1015 2069 1068; x_wconf 74' lang='lat' dir='ltr'>mulierem?</span> 
     </span>
    </p>

    <p class='ocr_par' dir='ltr' id='par_1_7' title="bbox 831 1106 1397 1180">
     <span class='ocr_line' id='line_1_10' title="bbox 831 1106 1397 1180; baseline 0.005 -20"><span class='ocrx_word' id='word_1_46' title='bbox 831 1108 1011 1160; x_wconf 86' lang='lat' dir='ltr'>XLVI</span> <span class='ocrx_word' id='word_1_47' title='bbox 1052 1106 1259 1179; x_wconf 77' lang='lat' dir='ltr'>(XLVII.</span> <span class='ocrx_word' id='word_1_48' title='bbox 1301 1108 1397 1180; x_wconf 80' lang='lat'>34)</span> 
     </span>
    </p>
   </div>
   <div class='ocr_carea' id='block_1_3' title="bbox 466 1203 1240 1258">
    <p class='ocr_par' dir='ltr' id='par_1_8' title="bbox 466 1203 1240 1258">
     <span class='ocr_line' id='line_1_11' title="bbox 466 1203 1240 1258; baseline 0.003 -3"><span class='ocrx_word' id='word_1_49' title='bbox 466 1245 475 1254; x_wconf 91' lang='lat'>.</span> <span class='ocrx_word' id='word_1_50' title='bbox 515 1203 705 1256; x_wconf 72' lang='lat' dir='ltr'>induta</span> <span class='ocrx_word' id='word_1_51' title='bbox 743 1204 848 1256; x_wconf 85' lang='lat' dir='ltr'>fuit</span> <span class='ocrx_word' id='word_1_52' title='bbox 887 1206 1047 1257; x_wconf 70' lang='lat' dir='ltr'>saeua</span> <span class='ocrx_word' id='word_1_53' title='bbox 1088 1206 1240 1258; x_wconf 84' lang='lat' dir='ltr'>stola.</span> 
     </span>
    </p>
   </div>
   <div class='ocr_carea' id='block_1_4' title="bbox 828 1298 1407 1373">
    <p class='ocr_par' dir='ltr' id='par_1_9' title="bbox 828 1298 1407 1373">
     <span class='ocr_line' id='line_1_12' title="bbox 828 1298 1407 1373; baseline 0.003 -20"><span class='ocrx_word' id='word_1_54' title='bbox 828 1300 1036 1354; x_wconf 87' lang='lat' dir='ltr'>XLVII</span> <span class='ocrx_word' id='word_1_55' title='bbox 1077 1298 1306 1372; x_wconf 83' lang='lat' dir='ltr'>(XLVIII.</span> <span class='ocrx_word' id='word_1_56' title='bbox 1349 1300 1407 1373; x_wconf 79' lang='lat'>8)</span> 
     </span>
    </p>
   </div>
   <div class='ocr_carea' id='block_1_5' title="bbox 307 1394 782 1449">
    <p class='ocr_par' dir='ltr' id='par_1_10' title="bbox 307 1394 782 1449">
     <span class='ocr_line' id='line_1_13' title="bbox 307 1394 782 1449; baseline 0.002 -1"><span class='ocrx_word' id='word_1_57' title='bbox 307 1396 449 1448; x_wconf 80' lang='lat' dir='ltr'>Telis</span> <span class='ocrx_word' id='word_1_58' title='bbox 489 1394 570 1447; x_wconf 84' lang='lat' dir='ltr'>ssli</span> <span class='ocrx_word' id='word_1_59' title='bbox 611 1399 782 1449; x_wconf 86' lang='lat' dir='ltr'>mater</span> 
     </span>
    </p>
   </div>
   <div class='ocr_carea' id='block_1_6' title="bbox 156 1572 2151 2756">
    <p class='ocr_par' dir='ltr' id='par_1_11' title="bbox 156 1572 2151 2756">
     <span class='ocr_line' id='line_1_14' title="bbox 157 1572 2070 1630; baseline 0.003 -16"><span class='ocrx_word' id='word_1_60' title='bbox 157 1572 433 1614; x_wconf 83' lang='lat' dir='ltr'>Chthoniam</span> <span class='ocrx_word' id='word_1_61' title='bbox 477 1573 525 1612; x_wconf 91' lang='lat' dir='ltr'>in</span> <span class='ocrx_word' id='word_1_62' title='bbox 556 1573 816 1614; x_wconf 86' lang='lat' dir='ltr'>Erechtheo</span> <span class='ocrx_word' id='word_1_63' title='bbox 846 1573 964 1615; x_wconf 81' lang='lat' dir='ltr'>haec-</span> <span class='ocrx_word' id='word_1_64' title='bbox 1004 1579 1052 1616; x_wconf 92' lang='lat' dir='ltr'>et</span> <span class='ocrx_word' id='word_1_65' title='bbox 1100 1577 1342 1629; x_wconf 82' lang='lat' dir='ltr'>sequentia</span> <span class='ocrx_word' id='word_1_66' title='bbox 1381 1575 1453 1627; x_wconf 88' lang='lat' dir='ltr'>(fr.</span> <span class='ocrx_word' id='word_1_67' title='bbox 1486 1575 1636 1627; x_wconf 87' lang='lat' dir='ltr'>XLII)</span> <span class='ocrx_word' id='word_1_68' title='bbox 1676 1578 1829 1618; x_wconf 83' lang='lat' dir='ltr'>dicere</span> <span class='ocrx_word' id='word_1_69' title='bbox 1866 1579 2070 1630; x_wconf 86' lang='lat' dir='ltr'>potuisse</span> 
     </span>
     <span class='ocr_line' id='line_1_15' title="bbox 163 1629 2068 1685; baseline 0.004 -16"><span class='ocrx_word' id='word_1_70' title='bbox 163 1630 355 1670; x_wconf 88' lang='lat' dir='ltr'>conieci.</span> <span class='ocrx_word' id='word_1_71' title='bbox 500 1629 630 1670; x_wconf 89' lang='lat' dir='ltr'>XLII</span> <span class='ocrx_word' id='word_1_72' title='bbox 669 1630 805 1670; x_wconf 89' lang='lat' dir='ltr'>Pauli</span> <span class='ocrx_word' id='word_1_73' title='bbox 835 1631 1005 1672; x_wconf 81' lang='lat' dir='ltr'><strong>Festus</strong></span> <span class='ocrx_word' id='word_1_74' title='bbox 1035 1646 1078 1685; x_wconf 85' lang='lat' dir='ltr'>p.</span> <span class='ocrx_word' id='word_1_75' title='bbox 1114 1635 1194 1674; x_wconf 89' lang='grc'>123</span> <span class='ocrx_word' id='word_1_76' title='bbox 1231 1633 1292 1672; x_wconf 89' lang='grc' dir='ltr'>Μ.</span> <span class='ocrx_word' id='word_1_77' title='bbox 1334 1635 1536 1673; x_wconf 73' lang='lat' dir='ltr'>‘metus</span> <span class='ocrx_word' id='word_1_78' title='bbox 1579 1633 1796 1675; x_wconf 79' lang='lat' dir='ltr'><strong>feminine</strong></span> <span class='ocrx_word' id='word_1_79' title='bbox 1837 1634 2068 1677; x_wconf 81' lang='lat' dir='ltr'>dicebant.</span> 
     </span>
     <span class='ocr_line' id='line_1_16' title="bbox 162 1686 2062 1742; baseline 0.004 -17"><span class='ocrx_word' id='word_1_80' title='bbox 162 1686 357 1726; x_wconf 89' lang='lat' dir='ltr'>Ennius:</span> <span class='ocrx_word' id='word_1_81' title='bbox 390 1686 572 1727; x_wconf 85' lang='lat' dir='ltr'>uiuam’</span> <span class='ocrx_word' id='word_1_82' title='bbox 607 1700 644 1727; x_wconf 92' lang='lat' dir='ltr'>e.</span> <span class='ocrx_word' id='word_1_83' title='bbox 678 1699 718 1738; x_wconf 87' lang='lat' dir='ltr'>q.</span> <span class='ocrx_word' id='word_1_84' title='bbox 753 1699 786 1729; x_wconf 86' lang='lat' dir='ltr'>S.</span> <span class='ocrx_word' id='word_1_85' title='bbox 844 1688 1010 1728; x_wconf 81' lang='lat' dir='ltr'>Festus</span> <span class='ocrx_word' id='word_1_86' title='bbox 1042 1703 1084 1742; x_wconf 91' lang='lat' dir='ltr'>p.</span> <span class='ocrx_word' id='word_1_87' title='bbox 1116 1691 1199 1731; x_wconf 83' lang='grc'>286</span> <span class='ocrx_word' id='word_1_88' title='bbox 1233 1691 1293 1731; x_wconf 90' lang='lat' dir='ltr'>M.</span> <span class='ocrx_word' id='word_1_89' title='bbox 1337 1693 1486 1729; x_wconf 78' lang='lat' dir='ltr'>erecto</span> <span class='ocrx_word' id='word_1_90' title='bbox 1519 1690 1670 1730; x_wconf 88' lang='lat' dir='ltr'>fronte</span> <span class='ocrx_word' id='word_1_91' title='bbox 1706 1722 1714 1731; x_wconf 92' lang='lat'>.</span> <span class='ocrx_word' id='word_1_92' title='bbox 1743 1722 1751 1730; x_wconf 90' lang='lat'>.</span> <span class='ocrx_word' id='word_1_93' title='bbox 1778 1722 1787 1731; x_wconf 95' lang='lat'>.</span> <span class='ocrx_word' id='word_1_94' title='bbox 1827 1690 1944 1732; x_wconf 83' lang='lat' dir='ltr'>Cato</span> <span class='ocrx_word' id='word_1_95' title='bbox 1982 1723 1992 1732; x_wconf 91' lang='lat'>.</span> <span class='ocrx_word' id='word_1_96' title='bbox 2017 1723 2027 1733; x_wconf 88' lang='lat'>.</span> <span class='ocrx_word' id='word_1_97' title='bbox 2053 1723 2062 1733; x_wconf 94' lang='lat'>.</span> 
     </span>
     <span class='ocr_line' id='line_1_17' title="bbox 164 1742 2072 1800; baseline 0.004 -17"><span class='ocrx_word' id='word_1_98' title='bbox 164 1743 383 1795; x_wconf 85' lang='lat' dir='ltr'>antiquae</span> <span class='ocrx_word' id='word_1_99' title='bbox 422 1742 470 1782; x_wconf 83' lang='lat' dir='ltr'>id</span> <span class='ocrx_word' id='word_1_100' title='bbox 511 1743 853 1784; x_wconf 78' lang='lat' dir='ltr'>consuetudinis</span> <span class='ocrx_word' id='word_1_101' title='bbox 885 1744 993 1796; x_wconf 86' lang='lat' dir='ltr'>fuit,</span> <span class='ocrx_word' id='word_1_102' title='bbox 1036 1750 1088 1786; x_wconf 87' lang='lat' dir='ltr'>ut</span> <span class='ocrx_word' id='word_1_103' title='bbox 1129 1759 1229 1786; x_wconf 92' lang='lat' dir='ltr'>cum</span> <span class='ocrx_word' id='word_1_104' title='bbox 1271 1746 1338 1786; x_wconf 83' lang='lat' dir='ltr'>ait</span> <span class='ocrx_word' id='word_1_105' title='bbox 1369 1747 1545 1786; x_wconf 87' lang='lat' dir='ltr'>Ennius</span> <span class='ocrx_word' id='word_1_106' title='bbox 1578 1759 1756 1800; x_wconf 88' lang='lat' dir='ltr'>quoque</span> <span class='ocrx_word' id='word_1_107' title='bbox 1795 1779 1804 1789; x_wconf 91' lang='lat'>.</span> <span class='ocrx_word' id='word_1_108' title='bbox 1831 1779 1841 1789; x_wconf 89' lang='lat'>.</span> <span class='ocrx_word' id='word_1_109' title='bbox 1867 1779 1877 1789; x_wconf 91' lang='lat'>.</span> <span class='ocrx_word' id='word_1_110' title='bbox 1914 1748 2072 1790; x_wconf 88' lang='lat' dir='ltr'>nulla</span> 
     </span>
     <span class='ocr_line' id='line_1_18' title="bbox 157 1799 1930 1855; baseline 0.003 -16"><span class='ocrx_word' id='word_1_111' title='bbox 157 1803 370 1839; x_wconf 84' lang='lat' dir='ltr'>metus.&#39;</span> <span class='ocrx_word' id='word_1_112' title='bbox 426 1799 487 1841; x_wconf 88' lang='lat' dir='ltr'>cf.</span> <span class='ocrx_word' id='word_1_113' title='bbox 521 1799 692 1840; x_wconf 87' lang='lat' dir='ltr'>Paulus</span> <span class='ocrx_word' id='word_1_114' title='bbox 724 1813 765 1852; x_wconf 92' lang='lat' dir='ltr'>p.</span> <span class='ocrx_word' id='word_1_115' title='bbox 800 1802 853 1842; x_wconf 90' lang='lat'>60</span> <span class='ocrx_word' id='word_1_116' title='bbox 883 1814 926 1844; x_wconf 93' lang='lat' dir='ltr'>u.</span> <span class='ocrx_word' id='word_1_117' title='bbox 961 1802 1133 1853; x_wconf 81' lang='lat' dir='ltr'>corius3</span> <span class='ocrx_word' id='word_1_118' title='bbox 1166 1803 1338 1843; x_wconf 82' lang='lat' dir='ltr'>Festus</span> <span class='ocrx_word' id='word_1_119' title='bbox 1368 1816 1410 1855; x_wconf 91' lang='lat' dir='ltr'>p.</span> <span class='ocrx_word' id='word_1_120' title='bbox 1444 1804 1524 1844; x_wconf 86' lang='lat'>150</span> <span class='ocrx_word' id='word_1_121' title='bbox 1555 1815 1598 1843; x_wconf 91' lang='lat' dir='ltr'>u.</span> <span class='ocrx_word' id='word_1_122' title='bbox 1629 1804 1752 1844; x_wconf 89' lang='lat' dir='ltr'>malo</span> <span class='ocrx_word' id='word_1_123' title='bbox 1783 1817 1930 1845; x_wconf 88' lang='lat' dir='ltr'>cruce.</span> 
     </span>
     <span class='ocr_line' id='line_1_19' title="bbox 160 1855 2069 1912; baseline 0.004 -16"><span class='ocrx_word' id='word_1_124' title='bbox 160 1856 316 1896; x_wconf 87' lang='lat' dir='ltr'>XLIII</span> <span class='ocrx_word' id='word_1_125' title='bbox 348 1855 508 1896; x_wconf 89' lang='lat' dir='ltr'>Cicero</span> <span class='ocrx_word' id='word_1_126' title='bbox 529 1856 661 1897; x_wconf 91' lang='lat' dir='ltr'>Lael.</span> <span class='ocrx_word' id='word_1_127' title='bbox 688 1858 753 1906; x_wconf 81' lang='lat'>17,</span> <span class='ocrx_word' id='word_1_128' title='bbox 777 1859 830 1897; x_wconf 88' lang='lat'>64</span> <span class='ocrx_word' id='word_1_129' title='bbox 863 1861 876 1882; x_wconf 79' lang='lat'><em>‘</em></span> <span class='ocrx_word' id='word_1_130' title='bbox 894 1871 1167 1912; x_wconf 88' lang='lat' dir='ltr'>quamquam</span> <span class='ocrx_word' id='word_1_131' title='bbox 1197 1860 1372 1899; x_wconf 88' lang='lat' dir='ltr'>Ennius</span> <span class='ocrx_word' id='word_1_132' title='bbox 1393 1863 1519 1900; x_wconf 87' lang='lat' dir='ltr'>recte</span> <span class='ocrx_word' id='word_1_133' title='bbox 1550 1891 1559 1900; x_wconf 93' lang='lat'>.</span> <span class='ocrx_word' id='word_1_134' title='bbox 1578 1890 1588 1900; x_wconf 91' lang='lat'>.</span> <span class='ocrx_word' id='word_1_135' title='bbox 1606 1864 1642 1901; x_wconf 79' lang='lat'>,²</span> <span class='ocrx_word' id='word_1_136' title='bbox 1738 1860 1886 1903; x_wconf 92' lang='lat' dir='ltr'>XLIV</span> <span class='ocrx_word' id='word_1_137' title='bbox 1909 1861 2069 1903; x_wconf 88' lang='lat' dir='ltr'>Cicero</span> 
     </span>
     <span class='ocr_line' id='line_1_20' title="bbox 161 1912 2069 1972; baseline 0.004 -20"><span class='ocrx_word' id='word_1_138' title='bbox 161 1913 214 1952; x_wconf 89' lang='lat' dir='ltr'>de</span> <span class='ocrx_word' id='word_1_139' title='bbox 249 1912 324 1953; x_wconf 85' lang='lat' dir='ltr'>off.</span> <span class='ocrx_word' id='word_1_140' title='bbox 355 1913 402 1953; x_wconf 94' lang='lat' dir='ltr'>II</span> <span class='ocrx_word' id='word_1_141' title='bbox 435 1915 508 1965; x_wconf 89' lang='lat'>18,</span> <span class='ocrx_word' id='word_1_142' title='bbox 543 1914 596 1953; x_wconf 90' lang='grc'>62</span> <span class='ocrx_word' id='word_1_143' title='bbox 629 1917 758 1953; x_wconf 74' lang='lat' dir='ltr'>‘nam</span> <span class='ocrx_word' id='word_1_144' title='bbox 790 1914 1028 1967; x_wconf 86' lang='lat' dir='ltr'>praeclare</span> <span class='ocrx_word' id='word_1_145' title='bbox 1058 1915 1235 1956; x_wconf 88' lang='lat' dir='ltr'>Ennius</span> <span class='ocrx_word' id='word_1_146' title='bbox 1273 1947 1282 1955; x_wconf 87' lang='lat'>.</span> <span class='ocrx_word' id='word_1_147' title='bbox 1309 1947 1317 1956; x_wconf 92' lang='lat'>.</span> <span class='ocrx_word' id='word_1_148' title='bbox 1345 1919 1381 1957; x_wconf 78' lang='lat'>‚⁹</span> <span class='ocrx_word' id='word_1_149' title='bbox 1526 1915 1652 1958; x_wconf 90' lang='lat' dir='ltr'>XLV</span> <span class='ocrx_word' id='word_1_150' title='bbox 1682 1917 1882 1958; x_wconf 85' lang='lat' dir='ltr'>Rutilius</span> <span class='ocrx_word' id='word_1_151' title='bbox 1913 1919 2069 1972; x_wconf 88' lang='lat' dir='ltr'>Lupus</span> 
     </span>
     <span class='ocr_line' id='line_1_21' title="bbox 159 1968 2070 2025; baseline 0.004 -17"><span class='ocrx_word' id='word_1_152' title='bbox 159 1969 181 2009; x_wconf 94' lang='lat' dir='ltr'>I</span> <span class='ocrx_word' id='word_1_153' title='bbox 205 1971 255 2008; x_wconf 89' lang='grc'>12</span> <span class='ocrx_word' id='word_1_154' title='bbox 279 1982 320 2021; x_wconf 92' lang='lat' dir='ltr'>p.</span> <span class='ocrx_word' id='word_1_155' title='bbox 342 1970 396 2009; x_wconf 89' lang='lat'>43</span> <span class='ocrx_word' id='word_1_156' title='bbox 420 1969 598 2009; x_wconf 87' lang='lat' dir='ltr'>Ruhnk.</span> <span class='ocrx_word' id='word_1_157' title='bbox 632 1969 787 2021; x_wconf 83' lang='lat' dir='ltr'>(rhett.</span> <span class='ocrx_word' id='word_1_158' title='bbox 811 1971 932 2013; x_wconf 88' lang='lat' dir='ltr'>Latt.</span> <span class='ocrx_word' id='word_1_159' title='bbox 959 1971 1030 2014; x_wconf 88' lang='lat' dir='ltr'>ed.</span> <span class='ocrx_word' id='word_1_160' title='bbox 1054 1972 1204 2012; x_wconf 84' lang='lat' dir='ltr'><strong>Halm.</strong></span> <span class='ocrx_word' id='word_1_161' title='bbox 1228 1985 1270 2024; x_wconf 91' lang='lat' dir='ltr'>p.</span> <span class='ocrx_word' id='word_1_162' title='bbox 1294 1973 1334 2023; x_wconf 89' lang='grc'>8,</span> <span class='ocrx_word' id='word_1_163' title='bbox 1360 1968 1430 2024; x_wconf 86' lang='grc'>19)</span> <span class='ocrx_word' id='word_1_164' title='bbox 1465 1972 1736 2025; x_wconf 76' lang='lat' dir='ltr'>‘diaphorat</span> <span class='ocrx_word' id='word_1_165' title='bbox 1770 1974 1856 2014; x_wconf 89' lang='lat' dir='ltr'>hoc</span> <span class='ocrx_word' id='word_1_166' title='bbox 1885 1975 2070 2015; x_wconf 84' lang='lat' dir='ltr'>schema</span> 
     </span>
     <span class='ocr_line' id='line_1_22' title="bbox 159 2026 2073 2084; baseline 0.004 -19"><span class='ocrx_word' id='word_1_167' title='bbox 159 2030 248 2074; x_wconf 84' lang='lat' dir='ltr'>est,</span> <span class='ocrx_word' id='word_1_168' title='bbox 292 2038 393 2064; x_wconf 91' lang='lat' dir='ltr'>cum</span> <span class='ocrx_word' id='word_1_169' title='bbox 431 2026 618 2066; x_wconf 89' lang='lat' dir='ltr'>uerbum</span> <span class='ocrx_word' id='word_1_170' title='bbox 665 2027 878 2067; x_wconf 85' lang='lat' dir='ltr'>iteratum</span> <span class='ocrx_word' id='word_1_171' title='bbox 923 2028 1060 2068; x_wconf 88' lang='lat' dir='ltr'>aliam</span> <span class='ocrx_word' id='word_1_172' title='bbox 1100 2029 1377 2069; x_wconf 85' lang='lat' dir='ltr'>sententiam</span> <span class='ocrx_word' id='word_1_173' title='bbox 1413 2028 1644 2082; x_wconf 84' lang='lat' dir='ltr'>significat</span> <span class='ocrx_word' id='word_1_174' title='bbox 1690 2043 1744 2070; x_wconf 85' lang='lat' dir='ltr'>ac</span> <span class='ocrx_word' id='word_1_175' title='bbox 1783 2030 2073 2084; x_wconf 84' lang='lat' dir='ltr'>significauit</span> 
     </span>
     <span class='ocr_line' id='line_1_23' title="bbox 156 2081 2071 2134; baseline 0.004 -14"><span class='ocrx_word' id='word_1_176' title='bbox 156 2082 299 2134; x_wconf 88' lang='lat' dir='ltr'>primo</span> <span class='ocrx_word' id='word_1_177' title='bbox 334 2081 519 2126; x_wconf 87' lang='lat' dir='ltr'>dictum.</span> <span class='ocrx_word' id='word_1_178' title='bbox 579 2082 632 2122; x_wconf 88' lang='lat' dir='ltr'>Id</span> <span class='ocrx_word' id='word_1_179' title='bbox 673 2087 744 2123; x_wconf 87' lang='lat' dir='ltr'>est</span> <span class='ocrx_word' id='word_1_180' title='bbox 782 2084 1042 2125; x_wconf 86' lang='lat' dir='ltr'>huiusmodi</span> <span class='ocrx_word' id='word_1_181' title='bbox 1081 2116 1090 2124; x_wconf 95' lang='lat'>.</span> <span class='ocrx_word' id='word_1_182' title='bbox 1118 2116 1126 2125; x_wconf 92' lang='lat'>.</span> <span class='ocrx_word' id='word_1_183' title='bbox 1153 2116 1163 2125; x_wconf 87' lang='lat'>.</span> <span class='ocrx_word' id='word_1_184' title='bbox 1202 2086 1343 2125; x_wconf 85' lang='lat' dir='ltr'>Item</span> <span class='ocrx_word' id='word_1_185' title='bbox 1381 2086 1436 2125; x_wconf 92' lang='lat' dir='ltr'>in</span> <span class='ocrx_word' id='word_1_186' title='bbox 1466 2086 1610 2125; x_wconf 90' lang='lat' dir='ltr'>Enni</span> <span class='ocrx_word' id='word_1_187' title='bbox 1647 2099 1836 2127; x_wconf 89' lang='lat' dir='ltr'>uersu:</span> <span class='ocrx_word' id='word_1_188' title='bbox 1876 2088 2071 2129; x_wconf 90' lang='lat' dir='ltr'>mulie-</span> 
     </span>
     <span class='ocr_line' id='line_1_24' title="bbox 159 2138 2070 2194; baseline 0.005 -17"><span class='ocrx_word' id='word_1_189' title='bbox 159 2141 293 2178; x_wconf 85' lang='lat' dir='ltr'>rem’</span> <span class='ocrx_word' id='word_1_190' title='bbox 338 2152 375 2179; x_wconf 87' lang='lat' dir='ltr'>e.</span> <span class='ocrx_word' id='word_1_191' title='bbox 411 2151 452 2190; x_wconf 92' lang='lat' dir='ltr'>q.</span> <span class='ocrx_word' id='word_1_192' title='bbox 485 2152 519 2181; x_wconf 79' lang='lat' dir='ltr'>s,</span> <span class='ocrx_word' id='word_1_193' title='bbox 581 2138 657 2179; x_wconf 83' lang='lat' dir='ltr'>Sic</span> <span class='ocrx_word' id='word_1_194' title='bbox 693 2139 907 2182; x_wconf 84' lang='lat' dir='ltr'>Halmius</span> <span class='ocrx_word' id='word_1_195' title='bbox 944 2141 1192 2182; x_wconf 86' lang='lat' dir='ltr'>secundum</span> <span class='ocrx_word' id='word_1_196' title='bbox 1232 2142 1534 2190; x_wconf 85' lang='lat' dir='ltr'>Meinekium,</span> <span class='ocrx_word' id='word_1_197' title='bbox 1578 2143 1655 2194; x_wconf 89' lang='lat' dir='ltr'>qui</span> <span class='ocrx_word' id='word_1_198' title='bbox 1693 2144 1838 2183; x_wconf 86' lang='lat' dir='ltr'>Enni</span> <span class='ocrx_word' id='word_1_199' title='bbox 1876 2157 2070 2186; x_wconf 87' lang='lat' dir='ltr'>uersus</span> 
     </span>
     <span class='ocr_line' id='line_1_25' title="bbox 161 2195 2071 2252; baseline 0.004 -17"><span class='ocrx_word' id='word_1_200' title='bbox 161 2201 449 2244; x_wconf 80' lang='lat' dir='ltr'>correxerat,</span> <span class='ocrx_word' id='word_1_201' title='bbox 491 2195 644 2235; x_wconf 87' lang='lat' dir='ltr'>aliena</span> <span class='ocrx_word' id='word_1_202' title='bbox 675 2209 813 2236; x_wconf 84' lang='lat' dir='ltr'>manu</span> <span class='ocrx_word' id='word_1_203' title='bbox 849 2197 967 2238; x_wconf 88' lang='lat' dir='ltr'>haec</span> <span class='ocrx_word' id='word_1_204' title='bbox 999 2211 1022 2238; x_wconf 91' lang='lat' dir='ltr'>e</span> <span class='ocrx_word' id='word_1_205' title='bbox 1053 2200 1258 2251; x_wconf 86' lang='lat' dir='ltr'>margine</span> <span class='ocrx_word' id='word_1_206' title='bbox 1297 2198 1432 2238; x_wconf 84' lang='lat' dir='ltr'>illata</span> <span class='ocrx_word' id='word_1_207' title='bbox 1471 2200 1727 2252; x_wconf 89' lang='lat' dir='ltr'>suspicans.</span> <span class='ocrx_word' id='word_1_208' title='bbox 1786 2201 1918 2241; x_wconf 83' lang='lat' dir='ltr'>item</span> <span class='ocrx_word' id='word_1_209' title='bbox 1948 2202 2071 2242; x_wconf 88' lang='lat' dir='ltr'>uni-</span> 
     </span>
     <span class='ocr_line' id='line_1_26' title="bbox 160 2251 2069 2307; baseline 0.004 -17"><span class='ocrx_word' id='word_1_210' title='bbox 160 2263 380 2291; x_wconf 90' lang='lat' dir='ltr'>uersum</span> <span class='ocrx_word' id='word_1_211' title='bbox 412 2251 607 2295; x_wconf 83' lang='lat' dir='ltr'>codices,</span> <span class='ocrx_word' id='word_1_212' title='bbox 700 2253 878 2294; x_wconf 85' lang='lat' dir='ltr'>Similia</span> <span class='ocrx_word' id='word_1_213' title='bbox 911 2254 1186 2295; x_wconf 86' lang='lat' dir='ltr'>Graecorum</span> <span class='ocrx_word' id='word_1_214' title='bbox 1218 2259 1456 2307; x_wconf 84' lang='lat' dir='ltr'>poetarum</span> <span class='ocrx_word' id='word_1_215' title='bbox 1496 2255 1617 2296; x_wconf 78' lang='lat' dir='ltr'>dicta</span> <span class='ocrx_word' id='word_1_216' title='bbox 1649 2260 1756 2296; x_wconf 86' lang='lat' dir='ltr'>sunt</span> <span class='ocrx_word' id='word_1_217' title='bbox 1786 2256 1951 2297; x_wconf 83' lang='lat' dir='ltr'>multa:</span> <span class='ocrx_word' id='word_1_218' title='bbox 1992 2258 2069 2299; x_wconf 88' lang='lat' dir='ltr'>So-</span> 
     </span>
     <span class='ocr_line' id='line_1_27' title="bbox 160 2307 2069 2366; baseline 0.004 -19"><span class='ocrx_word' id='word_1_219' title='bbox 160 2307 336 2359; x_wconf 87' lang='lat' dir='ltr'>phoclis</span> <span class='ocrx_word' id='word_1_220' title='bbox 370 2309 567 2361; x_wconf 84' lang='lat' dir='ltr'>Epigon.</span> <span class='ocrx_word' id='word_1_221' title='bbox 602 2309 655 2349; x_wconf 90' lang='lat' dir='ltr'>fr.</span> <span class='ocrx_word' id='word_1_222' title='bbox 689 2311 770 2350; x_wconf 89' lang='lat'>188</span> <span class='ocrx_word' id='word_1_223' title='bbox 790 2310 864 2361; x_wconf 62' lang='lat' dir='ltr'>N„</span> <span class='ocrx_word' id='word_1_224' title='bbox 898 2311 1194 2352; x_wconf 85' lang='lat' dir='ltr'>Theodectae</span> <span class='ocrx_word' id='word_1_225' title='bbox 1216 2310 1447 2352; x_wconf 90' lang='lat' dir='ltr'>Alcmeon.</span> <span class='ocrx_word' id='word_1_226' title='bbox 1484 2312 1537 2351; x_wconf 88' lang='lat' dir='ltr'>fr.</span> <span class='ocrx_word' id='word_1_227' title='bbox 1571 2315 1591 2350; x_wconf 90' lang='grc'>1</span> <span class='ocrx_word' id='word_1_228' title='bbox 1626 2311 1685 2364; x_wconf 87' lang='lat' dir='ltr'>(p.</span> <span class='ocrx_word' id='word_1_229' title='bbox 1711 2314 1791 2352; x_wconf 90' lang='grc'>622</span> <span class='ocrx_word' id='word_1_230' title='bbox 1812 2312 1902 2366; x_wconf 84' lang='lat' dir='ltr'>N.)‚</span> <span class='ocrx_word' id='word_1_231' title='bbox 1935 2314 2069 2355; x_wconf 88' lang='lat' dir='ltr'>Euri-</span> 
     </span>
     <span class='ocr_line' id='line_1_28' title="bbox 165 2364 2070 2420; baseline 0.005 -18"><span class='ocrx_word' id='word_1_232' title='bbox 165 2364 282 2415; x_wconf 86' lang='lat' dir='ltr'>pidis</span> <span class='ocrx_word' id='word_1_233' title='bbox 313 2365 490 2404; x_wconf 87' lang='lat' dir='ltr'>Hecub.</span> <span class='ocrx_word' id='word_1_234' title='bbox 527 2366 654 2411; x_wconf 85' lang='lat'>1178,</span> <span class='ocrx_word' id='word_1_235' title='bbox 688 2379 742 2406; x_wconf 78' lang='lat' dir='ltr'>ex</span> <span class='ocrx_word' id='word_1_236' title='bbox 773 2367 1005 2408; x_wconf 85' lang='lat' dir='ltr'>Phoenice</span> <span class='ocrx_word' id='word_1_237' title='bbox 1040 2368 1095 2408; x_wconf 92' lang='lat' dir='ltr'>fr.</span> <span class='ocrx_word' id='word_1_238' title='bbox 1120 2369 1224 2418; x_wconf 86' lang='lat'>805,</span> <span class='ocrx_word' id='word_1_239' title='bbox 1256 2367 1526 2420; x_wconf 84' lang='lat' dir='ltr'>Melanippa</span> <span class='ocrx_word' id='word_1_240' title='bbox 1558 2368 1611 2410; x_wconf 90' lang='lat' dir='ltr'>fr.</span> <span class='ocrx_word' id='word_1_241' title='bbox 1643 2370 1740 2420; x_wconf 81' lang='lat'>497,</span> <span class='ocrx_word' id='word_1_242' title='bbox 1774 2368 2070 2412; x_wconf 83' lang='lat' dir='ltr'>Stheneboea</span> 
     </span>
     <span class='ocr_line' id='line_1_29' title="bbox 163 2420 2070 2475; baseline 0.004 -15"><span class='ocrx_word' id='word_1_243' title='bbox 163 2421 217 2461; x_wconf 84' lang='lat' dir='ltr'>fr.</span> <span class='ocrx_word' id='word_1_244' title='bbox 249 2422 356 2471; x_wconf 81' lang='lat'>670,</span> <span class='ocrx_word' id='word_1_245' title='bbox 391 2420 572 2461; x_wconf 89' lang='lat' dir='ltr'>Carcini</span> <span class='ocrx_word' id='word_1_246' title='bbox 606 2435 628 2460; x_wconf 89' lang='lat' dir='ltr'>e</span> <span class='ocrx_word' id='word_1_247' title='bbox 662 2421 844 2462; x_wconf 84' lang='lat' dir='ltr'>Semela</span> <span class='ocrx_word' id='word_1_248' title='bbox 878 2424 932 2463; x_wconf 84' lang='lat' dir='ltr'>fr.</span> <span class='ocrx_word' id='word_1_249' title='bbox 965 2426 990 2464; x_wconf 89' lang='lat'><strong>3</strong></span> <span class='ocrx_word' id='word_1_250' title='bbox 1023 2437 1065 2475; x_wconf 90' lang='lat' dir='ltr'>p.</span> <span class='ocrx_word' id='word_1_251' title='bbox 1101 2425 1182 2463; x_wconf 82' lang='grc'>620</span> <span class='ocrx_word' id='word_1_252' title='bbox 1213 2424 1266 2466; x_wconf 82' lang='grc' dir='ltr'>Ν.</span> <span class='ocrx_word' id='word_1_253' title='bbox 1384 2423 1533 2464; x_wconf 92' lang='lat' dir='ltr'>XLVI</span> <span class='ocrx_word' id='word_1_254' title='bbox 1566 2425 1753 2465; x_wconf 82' lang='lat' dir='ltr'>Seruius</span> <span class='ocrx_word' id='word_1_255' title='bbox 1783 2425 1832 2466; x_wconf 92' lang='lat' dir='ltr'>in</span> <span class='ocrx_word' id='word_1_256' title='bbox 1861 2427 1973 2467; x_wconf 91' lang='lat' dir='ltr'>Aen.</span> <span class='ocrx_word' id='word_1_257' title='bbox 1999 2429 2070 2468; x_wconf 84' lang='lat'>14</span> 
     </span>
     <span class='ocr_line' id='line_1_30' title="bbox 160 2477 2062 2534; baseline 0.005 -19"><span class='ocrx_word' id='word_1_258' title='bbox 160 2481 407 2516; x_wconf 81' lang='lat' dir='ltr'>‘saeuam</span> <span class='ocrx_word' id='word_1_259' title='bbox 439 2477 652 2517; x_wconf 80' lang='lat' dir='ltr'>dicebant</span> <span class='ocrx_word' id='word_1_260' title='bbox 682 2482 863 2518; x_wconf 84' lang='lat' dir='ltr'>ueteres</span> <span class='ocrx_word' id='word_1_261' title='bbox 895 2493 1127 2532; x_wconf 86' lang='lat' dir='ltr'>magnam,</span> <span class='ocrx_word' id='word_1_262' title='bbox 1161 2484 1210 2519; x_wconf 89' lang='lat' dir='ltr'>ut</span> <span class='ocrx_word' id='word_1_263' title='bbox 1241 2481 1437 2520; x_wconf 86' lang='lat' dir='ltr'>Ennius:</span> <span class='ocrx_word' id='word_1_264' title='bbox 1478 2479 1663 2521; x_wconf 86' lang='lat' dir='ltr'>induta’</span> <span class='ocrx_word' id='word_1_265' title='bbox 1700 2495 1736 2522; x_wconf 87' lang='lat' dir='ltr'>e.</span> <span class='ocrx_word' id='word_1_266' title='bbox 1773 2495 1812 2534; x_wconf 86' lang='lat' dir='ltr'>q.</span> <span class='ocrx_word' id='word_1_267' title='bbox 1846 2495 1880 2522; x_wconf 87' lang='lat' dir='ltr'>s.</span> <span class='ocrx_word' id='word_1_268' title='bbox 1932 2484 1988 2525; x_wconf 59' lang='grc' dir='ltr'>(ἰ.</span> <span class='ocrx_word' id='word_1_269' title='bbox 2022 2497 2062 2525; x_wconf 92' lang='lat' dir='ltr'>e.</span> 
     </span>
     <span class='ocr_line' id='line_1_31' title="bbox 161 2533 2068 2593; baseline 0.005 -22"><span class='ocrx_word' id='word_1_270' title='bbox 161 2536 363 2585; x_wconf 82' lang='lat' dir='ltr'>magna.’</span> <span class='ocrx_word' id='word_1_271' title='bbox 408 2533 632 2584; x_wconf 85' lang='lat' dir='ltr'>Cynthius</span> <span class='ocrx_word' id='word_1_272' title='bbox 663 2533 935 2575; x_wconf 86' lang='lat' dir='ltr'>Cenetensis</span> <span class='ocrx_word' id='word_1_273' title='bbox 966 2536 1011 2575; x_wconf 90' lang='lat' dir='ltr'>in</span> <span class='ocrx_word' id='word_1_274' title='bbox 1042 2537 1155 2577; x_wconf 88' lang='lat' dir='ltr'>Aen.</span> <span class='ocrx_word' id='word_1_275' title='bbox 1188 2537 1210 2577; x_wconf 88' lang='lat'>1</span> <span class='ocrx_word' id='word_1_276' title='bbox 1240 2539 1266 2576; x_wconf 91' lang='lat'>4</span> <span class='ocrx_word' id='word_1_277' title='bbox 1298 2537 1369 2588; x_wconf 88' lang='lat' dir='ltr'>(A.</span> <span class='ocrx_word' id='word_1_278' title='bbox 1402 2537 1497 2576; x_wconf 83' lang='lat' dir='ltr'>Mai</span> <span class='ocrx_word' id='word_1_279' title='bbox 1530 2541 1650 2577; x_wconf 84' lang='lat' dir='ltr'>auct.</span> <span class='ocrx_word' id='word_1_280' title='bbox 1686 2539 1820 2578; x_wconf 85' lang='lat' dir='ltr'>class.</span> <span class='ocrx_word' id='word_1_281' title='bbox 1850 2539 1938 2580; x_wconf 90' lang='lat' dir='ltr'>VII</span> <span class='ocrx_word' id='word_1_282' title='bbox 1967 2539 2068 2593; x_wconf 82' lang='lat'>327)</span> 
     </span>
     <span class='ocr_line' id='line_1_32' title="bbox 162 2590 2034 2649; baseline 0.004 -19"><span class='ocrx_word' id='word_1_283' title='bbox 162 2594 356 2630; x_wconf 80' lang='lat' dir='ltr'>‘saeuus</span> <span class='ocrx_word' id='word_1_284' title='bbox 391 2590 562 2629; x_wconf 87' lang='lat' dir='ltr'>dicitur</span> <span class='ocrx_word' id='word_1_285' title='bbox 596 2590 812 2639; x_wconf 89' lang='lat' dir='ltr'>crudelis,</span> <span class='ocrx_word' id='word_1_286' title='bbox 846 2605 1036 2644; x_wconf 90' lang='lat' dir='ltr'>prosper</span> <span class='ocrx_word' id='word_1_287' title='bbox 1068 2597 1113 2633; x_wconf 88' lang='lat' dir='ltr'>et</span> <span class='ocrx_word' id='word_1_288' title='bbox 1142 2606 1348 2646; x_wconf 85' lang='lat' dir='ltr'>magnus.</span> <span class='ocrx_word' id='word_1_289' title='bbox 1399 2594 1594 2634; x_wconf 89' lang='lat' dir='ltr'>Ennius:</span> <span class='ocrx_word' id='word_1_290' title='bbox 1626 2594 1814 2634; x_wconf 84' lang='lat' dir='ltr'>induta’</span> <span class='ocrx_word' id='word_1_291' title='bbox 1849 2608 1886 2636; x_wconf 93' lang='lat' dir='ltr'>e.</span> <span class='ocrx_word' id='word_1_292' title='bbox 1919 2609 1963 2649; x_wconf 89' lang='lat' dir='ltr'>q.</span> <span class='ocrx_word' id='word_1_293' title='bbox 1998 2610 2034 2640; x_wconf 89' lang='lat' dir='ltr'>s.</span> 
     </span>
     <span class='ocr_line' id='line_1_33' title="bbox 273 2645 2151 2705; baseline 0.006 -22"><span class='ocrx_word' id='word_1_294' title='bbox 273 2645 445 2686; x_wconf 84' lang='lat' dir='ltr'>XLVII</span> <span class='ocrx_word' id='word_1_295' title='bbox 476 2647 619 2686; x_wconf 88' lang='lat' dir='ltr'>Varro</span> <span class='ocrx_word' id='word_1_296' title='bbox 654 2647 708 2687; x_wconf 89' lang='lat' dir='ltr'>de</span> <span class='ocrx_word' id='word_1_297' title='bbox 740 2646 768 2686; x_wconf 91' lang='grc'>1.</span> <span class='ocrx_word' id='word_1_298' title='bbox 792 2648 844 2692; x_wconf 93' lang='lat' dir='ltr'>L.</span> <span class='ocrx_word' id='word_1_299' title='bbox 878 2649 966 2689; x_wconf 94' lang='lat' dir='ltr'>VII</span> <span class='ocrx_word' id='word_1_300' title='bbox 996 2650 1049 2689; x_wconf 84' lang='lat'>87</span> <span class='ocrx_word' id='word_1_301' title='bbox 1070 2649 1132 2691; x_wconf 94' lang='lat' dir='ltr'>M.</span> <span class='ocrx_word' id='word_1_302' title='bbox 1166 2649 1376 2702; x_wconf 76' lang='lat' dir='ltr'>‘lympha</span> <span class='ocrx_word' id='word_1_303' title='bbox 1409 2664 1436 2690; x_wconf 88' lang='lat' dir='ltr'>a</span> <span class='ocrx_word' id='word_1_304' title='bbox 1467 2651 1684 2703; x_wconf 83' lang='lat' dir='ltr'>nympha,</span> <span class='ocrx_word' id='word_1_305' title='bbox 1716 2656 1766 2691; x_wconf 92' lang='lat' dir='ltr'>ut</span> <span class='ocrx_word' id='word_1_306' title='bbox 1797 2651 1916 2704; x_wconf 87' lang='lat' dir='ltr'>quod</span> <span class='ocrx_word' id='word_1_307' title='bbox 1945 2653 2068 2705; x_wconf 90' lang='lat' dir='ltr'>apud</span> <span class='ocrx_word' id='word_1_308' title='bbox 2148 2652 2151 2655; x_wconf 48' lang='lat'><em>⁴</em></span> 
     </span>
     <span class='ocr_line' id='line_1_34' title="bbox 163 2698 2069 2756; baseline 0.005 -15"><span class='ocrx_word' id='word_1_309' title='bbox 163 2700 365 2742; x_wconf 85' lang='lat' dir='ltr'>Graecos</span> <span class='ocrx_word' id='word_1_310' title='bbox 398 2698 556 2753; x_wconf 81' lang='grc' dir='ltr'>Θέτις,</span> <span class='ocrx_word' id='word_1_311' title='bbox 600 2703 720 2756; x_wconf 89' lang='lat' dir='ltr'>apud</span> <span class='ocrx_word' id='word_1_312' title='bbox 751 2705 969 2745; x_wconf 90' lang='lat' dir='ltr'>Ennium:</span> <span class='ocrx_word' id='word_1_313' title='bbox 1010 2705 1168 2746; x_wconf 90' lang='lat' dir='ltr'>Thelis</span> <span class='ocrx_word' id='word_1_314' title='bbox 1206 2705 1274 2745; x_wconf 88' lang='lat' dir='ltr'>illi</span> <span class='ocrx_word' id='word_1_315' title='bbox 1303 2710 1482 2747; x_wconf 84' lang='lat' dir='ltr'>mater.&#39;</span> <span class='ocrx_word' id='word_1_316' title='bbox 1546 2706 1756 2748; x_wconf 89' lang='lat' dir='ltr'>Conferri</span> <span class='ocrx_word' id='word_1_317' title='bbox 1793 2708 1923 2749; x_wconf 87' lang='lat' dir='ltr'>iubet</span> <span class='ocrx_word' id='word_1_318' title='bbox 1953 2710 2069 2750; x_wconf 83' lang='lat' dir='ltr'>Tur-</span> 
     </span>
    </p>
   </div>
   <div class='ocr_carea' id='block_1_7' title="bbox 162 2867 2069 3631">
    <p class='ocr_par' dir='ltr' id='par_1_12' title="bbox 162 2867 2069 3631">
     <span class='ocr_line' id='line_1_35' title="bbox 162 2867 2069 2931; baseline 0.005 -22"><span class='ocrx_word' id='word_1_319' title='bbox 162 2867 204 2910; x_wconf 87' lang='lat' dir='ltr'>di</span> <span class='ocrx_word' id='word_1_320' title='bbox 246 2873 423 2911; x_wconf 78' lang='lat' dir='ltr'>seruate</span> <span class='ocrx_word' id='word_1_321' title='bbox 464 2867 682 2926; x_wconf 63' lang='lat' dir='ltr'>Scaliger</span> <span class='ocrx_word' id='word_1_322' title='bbox 721 2875 765 2912; x_wconf 82' lang='lat' dir='ltr'>et</span> <span class='ocrx_word' id='word_1_323' title='bbox 802 2870 994 2928; x_wconf 78' lang='lat' dir='ltr'>patriae,</span> <span class='ocrx_word' id='word_1_324' title='bbox 1035 2869 1078 2914; x_wconf 87' lang='lat' dir='ltr'>di</span> <span class='ocrx_word' id='word_1_325' title='bbox 1118 2877 1296 2915; x_wconf 79' lang='lat' dir='ltr'>seruate</span> <span class='ocrx_word' id='word_1_326' title='bbox 1337 2871 1536 2916; x_wconf 80' lang='lat' dir='ltr'>Vrsinus</span> <span class='ocrx_word' id='word_1_327' title='bbox 1575 2878 1619 2916; x_wconf 86' lang='lat' dir='ltr'>et</span> <span class='ocrx_word' id='word_1_328' title='bbox 1657 2877 1854 2931; x_wconf 82' lang='lat' dir='ltr'>patrem,</span> <span class='ocrx_word' id='word_1_329' title='bbox 1894 2871 1939 2916; x_wconf 90' lang='lat' dir='ltr'>di</span> <span class='ocrx_word' id='word_1_330' title='bbox 1975 2886 2069 2918; x_wconf 86' lang='lat' dir='ltr'>ser-</span> 
     </span>
     <span class='ocr_line' id='line_1_36' title="bbox 162 2936 2067 3001; baseline 0.004 -21"><span class='ocrx_word' id='word_1_331' title='bbox 162 2944 264 2980; x_wconf 71' lang='lat' dir='ltr'>uate</span> <span class='ocrx_word' id='word_1_332' title='bbox 296 2936 346 2981; x_wconf 80' lang='grc' dir='ltr'>Ο.</span> <span class='ocrx_word' id='word_1_333' title='bbox 373 2937 651 2983; x_wconf 79' lang='lat' dir='ltr'>Muellerus.</span> <span class='ocrx_word' id='word_1_334' title='bbox 692 2946 775 2984; x_wconf 81' lang='lat' dir='ltr'>aut</span> <span class='ocrx_word' id='word_1_335' title='bbox 813 2947 858 2984; x_wconf 87' lang='lat' dir='ltr'>et</span> <span class='ocrx_word' id='word_1_336' title='bbox 895 2941 1079 2999; x_wconf 76' lang='lat' dir='ltr'>patriam</span> <span class='ocrx_word' id='word_1_337' title='bbox 1119 2940 1162 2984; x_wconf 84' lang='lat' dir='ltr'>di</span> <span class='ocrx_word' id='word_1_338' title='bbox 1202 2948 1442 2985; x_wconf 76' lang='lat' dir='ltr'>seruarunt</span> <span class='ocrx_word' id='word_1_339' title='bbox 1469 2947 1553 2986; x_wconf 76' lang='lat' dir='ltr'>aut</span> <span class='ocrx_word' id='word_1_340' title='bbox 1591 2948 1635 2986; x_wconf 83' lang='lat' dir='ltr'>et</span> <span class='ocrx_word' id='word_1_341' title='bbox 1672 2943 1841 3001; x_wconf 81' lang='lat' dir='ltr'>patriae</span> <span class='ocrx_word' id='word_1_342' title='bbox 1880 2950 1925 2987; x_wconf 70' lang='lat' dir='ltr'>et</span> <span class='ocrx_word' id='word_1_343' title='bbox 1961 2944 2067 2988; x_wconf 82' lang='lat' dir='ltr'>mihi</span> 
     </span>
     <span class='ocr_line' id='line_1_37' title="bbox 162 3007 2068 3073; baseline 0.005 -24"><span class='ocrx_word' id='word_1_344' title='bbox 162 3007 363 3051; x_wconf 83' lang='lat' dir='ltr'>seruauit</span> <span class='ocrx_word' id='word_1_345' title='bbox 400 3009 622 3053; x_wconf 77' lang='lat' dir='ltr'>Albertus</span> <span class='ocrx_word' id='word_1_346' title='bbox 648 3009 858 3070; x_wconf 69' lang='lat' dir='ltr'>Lanyius</span> <span class='ocrx_word' id='word_1_347' title='bbox 886 3011 1077 3066; x_wconf 81' lang='lat' dir='ltr'>Quaest.</span> <span class='ocrx_word' id='word_1_348' title='bbox 1118 3018 1252 3056; x_wconf 78' lang='lat' dir='ltr'>meir.</span> <span class='ocrx_word' id='word_1_349' title='bbox 1289 3026 1337 3069; x_wconf 83' lang='lat' dir='ltr'>p.</span> <span class='ocrx_word' id='word_1_350' title='bbox 1369 3011 1436 3058; x_wconf 80' lang='grc'>20</span> <span class='ocrx_word' id='word_1_351' title='bbox 1581 3012 1834 3058; x_wconf 80' lang='lat' dir='ltr'>Senarium</span> <span class='ocrx_word' id='word_1_352' title='bbox 1871 3017 2068 3073; x_wconf 68' lang='lat' dir='ltr'>aynouit</span> 
     </span>
     <span class='ocr_line' id='line_1_38' title="bbox 175 3077 2063 3142; baseline 0.004 -21"><span class='ocrx_word' id='word_1_353' title='bbox 175 3078 368 3122; x_wconf 81' lang='lat' dir='ltr'>Vossius</span> <span class='ocrx_word' id='word_1_354' title='bbox 515 3077 612 3123; x_wconf 76' lang='grc'>387</span> <span class='ocrx_word' id='word_1_355' title='bbox 663 3079 783 3124; x_wconf 78' lang='lat' dir='ltr'>nulla</span> <span class='ocrx_word' id='word_1_356' title='bbox 822 3082 1063 3127; x_wconf 79' lang='lat' dir='ltr'>ublatiuus</span> <span class='ocrx_word' id='word_1_357' title='bbox 1100 3087 1171 3127; x_wconf 76' lang='lat' dir='ltr'>est</span> <span class='ocrx_word' id='word_1_358' title='bbox 1209 3083 1480 3127; x_wconf 80' lang='lat' dir='ltr'>aduerbiuli</span> <span class='ocrx_word' id='word_1_359' title='bbox 1516 3085 1863 3142; x_wconf 71' lang='lat' dir='ltr'>siynificutione</span> <span class='ocrx_word' id='word_1_360' title='bbox 1900 3089 1952 3129; x_wconf 87' lang='lat' dir='ltr'>ut</span> <span class='ocrx_word' id='word_1_361' title='bbox 1987 3097 2063 3128; x_wconf 86' lang='lat' dir='ltr'>ne-</span> 
     </span>
     <span class='ocr_line' id='line_1_39' title="bbox 165 3151 1958 3211; baseline 0.004 -20"><span class='ocrx_word' id='word_1_362' title='bbox 165 3161 412 3206; x_wconf 79' lang='lat' dir='ltr'>quaquam,</span> <span class='ocrx_word' id='word_1_363' title='bbox 453 3162 563 3192; x_wconf 79' lang='lat' dir='ltr'>nam</span> <span class='ocrx_word' id='word_1_364' title='bbox 602 3152 647 3193; x_wconf 81' lang='lat' dir='ltr'>in</span> <span class='ocrx_word' id='word_1_365' title='bbox 677 3154 840 3196; x_wconf 78' lang='grc' dir='ltr'><em>αηηαῖ.</em></span> <span class='ocrx_word' id='word_1_366' title='bbox 871 3151 970 3197; x_wconf 86' lang='grc'>537</span> <span class='ocrx_word' id='word_1_367' title='bbox 1012 3159 1158 3197; x_wconf 79' lang='lat' dir='ltr'>metus</span> <span class='ocrx_word' id='word_1_368' title='bbox 1196 3152 1291 3196; x_wconf 91' lang='lat' dir='ltr'>ullu</span> <span class='ocrx_word' id='word_1_369' title='bbox 1331 3159 1454 3197; x_wconf 82' lang='lat' dir='ltr'>tenet</span> <span class='ocrx_word' id='word_1_370' title='bbox 1492 3154 1795 3199; x_wconf 81' lang='lat' dir='ltr'>scribendum</span> <span class='ocrx_word' id='word_1_371' title='bbox 1824 3159 1958 3211; x_wconf 77' lang='lat' dir='ltr'>puto.</span> 
     </span>
     <span class='ocr_line' id='line_1_40' title="bbox 164 3216 2063 3283; baseline 0.003 -20"><span class='ocrx_word' id='word_1_372' title='bbox 164 3218 263 3263; x_wconf 81' lang='grc'>389</span> <span class='ocrx_word' id='word_1_373' title='bbox 304 3216 516 3263; x_wconf 78' lang='lat' dir='ltr'>beneficia</span> <span class='ocrx_word' id='word_1_374' title='bbox 556 3219 706 3264; x_wconf 80' lang='lat' dir='ltr'>Bern.</span> <span class='ocrx_word' id='word_1_375' title='bbox 748 3234 787 3264; x_wconf 80' lang='lat' dir='ltr'>c,</span> <span class='ocrx_word' id='word_1_376' title='bbox 828 3222 986 3266; x_wconf 82' lang='lat' dir='ltr'>Pulul.</span> <span class='ocrx_word' id='word_1_377' title='bbox 1154 3222 1257 3269; x_wconf 85' lang='lat'>390</span> <span class='ocrx_word' id='word_1_378' title='bbox 1309 3223 1504 3268; x_wconf 82' lang='lat' dir='ltr'>Versum</span> <span class='ocrx_word' id='word_1_379' title='bbox 1551 3227 1744 3283; x_wconf 69' lang='lat' dir='ltr'>aynouit</span> <span class='ocrx_word' id='word_1_380' title='bbox 1780 3224 2063 3283; x_wconf 75' lang='lat' dir='ltr'>Meinelcius,</span> 
     </span>
     <span class='ocr_line' id='line_1_41' title="bbox 165 3287 2067 3352; baseline 0.004 -20"><span class='ocrx_word' id='word_1_381' title='bbox 165 3291 306 3332; x_wconf 79' lang='lat' dir='ltr'>etiam</span> <span class='ocrx_word' id='word_1_382' title='bbox 332 3290 666 3335; x_wconf 77' lang='lat' dir='ltr'>Froehlichz&#39;us</span> <span class='ocrx_word' id='word_1_383' title='bbox 695 3287 822 3349; x_wconf 79' lang='lat' dir='ltr'>(uun.</span> <span class='ocrx_word' id='word_1_384' title='bbox 849 3293 1030 3348; x_wconf 77' lang='lat' dir='ltr'>plziloll.</span> <span class='ocrx_word' id='word_1_385' title='bbox 1064 3292 1198 3338; x_wconf 75' lang='lat'>1864</span> <span class='ocrx_word' id='word_1_386' title='bbox 1233 3308 1282 3351; x_wconf 78' lang='lat' dir='ltr'>p.</span> <span class='ocrx_word' id='word_1_387' title='bbox 1314 3291 1451 3352; x_wconf 82' lang='lat'>204),</span> <span class='ocrx_word' id='word_1_388' title='bbox 1491 3297 1573 3352; x_wconf 81' lang='lat' dir='ltr'>qui</span> <span class='ocrx_word' id='word_1_389' title='bbox 1609 3300 1761 3338; x_wconf 78' lang='lat' dir='ltr'>lumen</span> <span class='ocrx_word' id='word_1_390' title='bbox 1799 3308 1891 3339; x_wconf 83' lang='lat' dir='ltr'>non</span> <span class='ocrx_word' id='word_1_391' title='bbox 1919 3295 2067 3340; x_wconf 84' lang='lat' dir='ltr'>Ennii</span> 
     </span>
     <span class='ocr_line' id='line_1_42' title="bbox 164 3361 2063 3421; baseline 0.004 -19"><span class='ocrx_word' id='word_1_392' title='bbox 164 3362 371 3403; x_wconf 75' lang='lat' dir='ltr'>restituit</span> <span class='ocrx_word' id='word_1_393' title='bbox 421 3372 613 3411; x_wconf 81' lang='lat' dir='ltr'>nomen,</span> <span class='ocrx_word' id='word_1_394' title='bbox 666 3362 750 3406; x_wconf 83' lang='lat' dir='ltr'>sed</span> <span class='ocrx_word' id='word_1_395' title='bbox 794 3361 1066 3405; x_wconf 79' lang='lat' dir='ltr'>multiuiram</span> <span class='ocrx_word' id='word_1_396' title='bbox 1113 3363 1344 3407; x_wconf 85' lang='lat' dir='ltr'>mulierem</span> <span class='ocrx_word' id='word_1_397' title='bbox 1383 3366 1599 3421; x_wconf 79' lang='lat' dir='ltr'>priorem</span> <span class='ocrx_word' id='word_1_398' title='bbox 1648 3367 1891 3408; x_wconf 81' lang='lat' dir='ltr'>senarium</span> <span class='ocrx_word' id='word_1_399' title='bbox 1930 3367 2063 3410; x_wconf 81' lang='lat' dir='ltr'>clau·</span> 
     </span>
     <span class='ocr_line' id='line_1_43' title="bbox 164 3429 2061 3489; baseline 0.004 -18"><span class='ocrx_word' id='word_1_400' title='bbox 164 3429 277 3472; x_wconf 80' lang='lat' dir='ltr'>clere</span> <span class='ocrx_word' id='word_1_401' title='bbox 316 3431 463 3473; x_wconf 83' lang='lat' dir='ltr'>uoluit</span> <span class='ocrx_word' id='word_1_402' title='bbox 601 3430 698 3476; x_wconf 81' lang='lat'>391</span> <span class='ocrx_word' id='word_1_403' title='bbox 740 3431 825 3474; x_wconf 83' lang='lat' dir='ltr'>suit</span> <span class='ocrx_word' id='word_1_404' title='bbox 864 3431 1063 3476; x_wconf 83' lang='lat' dir='ltr'>Seruius</span> <span class='ocrx_word' id='word_1_405' title='bbox 1100 3440 1168 3476; x_wconf 83' lang='lat' dir='ltr'>est</span> <span class='ocrx_word' id='word_1_406' title='bbox 1208 3433 1460 3489; x_wconf 76' lang='lat' dir='ltr'>Cynthius.-</span> <span class='ocrx_word' id='word_1_407' title='bbox 1498 3448 1559 3478; x_wconf 84' lang='lat' dir='ltr'>un</span> <span class='ocrx_word' id='word_1_408' title='bbox 1597 3433 1825 3478; x_wconf 76' lang='lat' dir='ltr'>indutast?</span> <span class='ocrx_word' id='word_1_409' title='bbox 1962 3434 2061 3481; x_wconf 84' lang='lat'>392</span> 
     </span>
     <span class='ocr_line' id='line_1_44' title="bbox 167 3497 2062 3562; baseline 0.005 -21"><span class='ocrx_word' id='word_1_410' title='bbox 167 3497 316 3542; x_wconf 89' lang='lat' dir='ltr'>Thelis</span> <span class='ocrx_word' id='word_1_411' title='bbox 360 3500 611 3544; x_wconf 80' lang='lat' dir='ltr'>Turnebus</span> <span class='ocrx_word' id='word_1_412' title='bbox 659 3501 811 3546; x_wconf 80' lang='lat' dir='ltr'>Thetis</span> <span class='ocrx_word' id='word_1_413' title='bbox 851 3502 984 3547; x_wconf 88' lang='lat' dir='ltr'>Flor.</span> <span class='ocrx_word' id='word_1_414' title='bbox 1025 3502 1190 3547; x_wconf 81' lang='lat' dir='ltr'>Humi.</span> <span class='ocrx_word' id='word_1_415' title='bbox 1238 3516 1286 3546; x_wconf 79' lang='lat' dir='ltr'>ea</span> <span class='ocrx_word' id='word_1_416' title='bbox 1334 3503 1486 3547; x_wconf 79' lang='lat' dir='ltr'>&#39;rhetis</span> <span class='ocrx_word' id='word_1_417' title='bbox 1535 3505 1635 3548; x_wconf 83' lang='lat' dir='ltr'>cod.</span> <span class='ocrx_word' id='word_1_418' title='bbox 1681 3503 1746 3562; x_wconf 83' lang='grc' dir='ltr'>Β,</span> <span class='ocrx_word' id='word_1_419' title='bbox 1791 3506 1970 3550; x_wconf 80' lang='lat' dir='ltr'>lacuna</span> <span class='ocrx_word' id='word_1_420' title='bbox 2014 3508 2062 3551; x_wconf 84' lang='lat' dir='ltr'>in</span> 
     </span>
     <span class='ocr_line' id='line_1_45' title="bbox 171 3567 948 3631; baseline 0.008 -20"><span class='ocrx_word' id='word_1_421' title='bbox 171 3567 303 3613; x_wconf 74' lang='lat' dir='ltr'>Goth.</span> <span class='ocrx_word' id='word_1_422' title='bbox 344 3576 438 3613; x_wconf 74' lang='lat' dir='ltr'>erat</span> <span class='ocrx_word' id='word_1_423' title='bbox 476 3569 629 3614; x_wconf 69' lang='lat' dir='ltr'>Thetis</span> <span class='ocrx_word' id='word_1_424' title='bbox 669 3571 948 3631; x_wconf 68' lang='lat' dir='ltr'>Spenyelius</span> 
     </span>
    </p>
   </div>
  </div>
 </body>
</html>
