2294 3844
184 271 280 324 138
974 272 1023 309 12.
1058 268 1274 309 A'r’mvs

329 404 523 455 Saxum
566 407 655 454 211st
697 402 965 471 procellis,
1004 400 1088 450 uel
1131 399 1382 470 globosos
1424 398 1663 450 turbines

327 498 571 551 Existere
612 500 745 551 ictos
786 497 941 550 lindis
984 495 1446 548 concursantibus:

325 595 444 648 Nisi
486 597 616 663 quas
656 595 921 647 terrestris
962 594 1160 661 pontus
1202 595 1407 661 strages
1448 591 1675 659 conciet,

180 694 287 744 400
326 692 437 743 Aut
478 693 615 743 forte
658 691 848 743 Triton
887 689 1095 742 fuscina
1136 689 1380 740 euerte'ns
1422 706 1610 756 specus

331 787 524 856 Supter
563 787 765 838 radices
805 787 1019 855 penitus
1060 785 1298 837 undante
1339 783 1398 836 sn
1435 784 1573 836 freto

329 884 527 936 Molem
569 886 630 935 ex
669 884 936 952 profundo
979 884 1191 934 saxeam
1233 882 1298 933 ad
1339 882 1543 933 caelum
1583 880 1754 949 erigit.

810 979 877 1032 H.
917 977 999 1031 111
1042 976 1270 1048 (Argon.
1312 979 1358 1030 2.
1400 976 1458 1048 3)

334 1076 481 1128 Sicut
519 1077 705 1128 lasciui
747 1079 905 1144 atque
948 1076 1147 1127 alacres
1187 1075 1374 1127 rostris
1415 1075 1748 1144 perfremunt

181 1137 289 1263 ἐξὲξ
329 1171 607 1241 Delphini,
648 1174 776 1224 item
818 1174 926 1225 alto
967 1173 1166 1224 mulcta-
1207 1169 1417 1224 Siluani
1453 1173 1590 1223 melo

331 1268 677 1321 Consimilem
718 1270 783 1321 ad
825 1269 967 1321 auris
1009 1270 1226 1321 cantum
1267 1271 1319 1320 et
1359 1268 1600 1320 auditum
1638 1269 1816 1320 refert.

1029 1365 1109 1418 IV
1151 1363 1234 1436 (1)

331 1463 464 1533 'Ego
514 1481 596 1516 me
646 1463 841 1515 extollo
897 1463 955 1515 in
1004 1462 1254 1530 abietem,
1304 1463 1408 1514 alte
1458 1480 1520 1514 ex
1567 1464 1685 1514 tuto
1743 1463 2086 1530 prospectum

1517 1562 1739 1626 aiicupo.

184 1679 338 1734 procul
372 1679 573 1719 diuinum
607 1684 651 1719 et
683 1691 850 1718 nouum
880 1679 1143 1719 uehiculum
1174 1678 1538 1731 Argonautarum
1577 1690 1600 1717 e
1641 1680 1793 1717 monte
1835 1677 2087 1730 conspexit,

184 1738 328 1790 primo
374 1736 604 1775 admirans
644 1740 689 1774 et
728 1736 1002 1787 perterritus
1040 1735 1126 1776 hoc
1158 1734 1290 1775 modo
1327 1734 1531 1787 loquitur
1565 1729 1642 1788 [I].
1703 1733 1900 1774 Dubitat
1931 1734 2090 1786 primo,

187 1807 302 1846 quae
338 1793 395 1834 sit
429 1806 481 1832 ea
514 1797 704 1842 natura,
744 1804 877 1844 quam
910 1793 1058 1832 cernit
1089 1792 1313 1845 ignotam,
1353 1791 1565 1843 idemque
1596 1790 1840 1831 iuuenibus
1871 1791 1982 1830 uisis
2014 1803 2091 1830 au-

184 1852 366 1904 ditoque
400 1850 586 1889 nautico
621 1852 756 1888 cantu
791 1846 1070 1901 [403—406].
1112 1849 1233 1900 Ergo
1265 1851 1316 1887 ut
1347 1848 1419 1887 hic
1442 1848 1583 1900 primo
1617 1852 1810 1900 aspectu
1842 1847 2091 1886 inanimum

185 1907 398 1960 quiddam
433 1918 657 1958 sensuque
689 1917 884 1945 uacuum
915 1918 962 1946 se
995 1909 1126 1958 putat
1158 1917 1361 1956 cernere,
1393 1907 1496 1958 post
1528 1907 1679 1944 autem
1713 1904 1859 1956 signis
1891 1904 2092 1944 certiori·

183 1965 290 2015 bus,
333 1963 466 2015 quale
501 1963 560 2002 sit
589 1962 635 2001 id
667 1961 721 2001 de
755 1975 841 2014 quo
876 1961 1194 2013 dubitauerat,
1228 1961 1393 2014 incipit
1424 1961 1672 2014 suspicari:
1706 1961 1772 2001 sic
1805 1959 2089 2013 philosophi’

185 2034 223 2060 e.
246 2034 288 2073 q.
311 2033 344 2059 s.
373 2020 478 2070 (Hic
501 2019 630 2059 locus
652 2018 782 2058 deest
804 2020 849 2058 in
872 2018 1006 2061 vind.
1030 2022 1076 2059 et
1099 2017 1218 2070 Pal.)
1241 2018 1509 2058 Priscianus
1532 2017 1585 2058 de
1609 2017 1766 2057 metris
1788 2017 1892 2057 Ter.
1913 2030 1957 2069 p.
1985 2018 2091 2058 1325

184 2080 235 2120 P,
259 2079 466 2129 (gramm.
491 2076 611 2115 Latt.
635 2075 776 2114 Keilii
796 2075 886 2115 uol.
908 2075 976 2114 III
998 2088 1040 2127 p.
1060 2075 1163 2123 424)
1197 2075 1384 2115 ‘Accius
1414 2076 1468 2114 in
1491 2074 1843 2127 Argonautis
1875 2086 1938 2113 ex
1969 2087 2092 2126 per-

185 2147 319 2175 sona-
351 2132 622 2186 pastoris,
666 2132 758 2184 qui
790 2132 1018 2185 primam
1050 2131 1200 2172 uidit
1232 2144 1426 2172 nauem
1459 2131 1601 2184 Argo
1637 2130 1911 2184 [400-402.
1943 2132 2090 2171 392—

186 2188 323 2243 394].’
364 2189 539 2230 Nonius
562 2191 629 2238 90,
662 2189 686 2228 8
719 2189 1040 2238 ‘conciere,
1077 2201 1175 2228 cum
1208 2188 1553 2241 perturbatione
1577 2199 1859 2230 conmouere.
1893 2187 2094 2227 Accius

184 2246 380 2288 Medea
407 2241 561 2299 [399].’
604 2245 887 2286 Buechelero
921 2258 1105 2285 suasore
1129 2245 1398 2285 continuaui
1418 2257 1537 2284 nunc
1567 2244 1613 2284 II
1636 2248 1682 2283 et
1703 2244 1789 2295 ΙΙΙ,
1822 2256 1907 2284 nec
1928 2244 1985 2284 ab
2018 2255 2092 2284 ea-

187 2305 286 2344 dem
320 2303 553 2344 sententia
583 2302 718 2354 longe
744 2302 904 2342 aberat
926 2302 1240 2355 Kiesslingius
1335 2302 1398 2343 IV
1421 2301 1537 2342 Non.
1560 2302 1658 2350 467,
1684 2303 1734 2340 19
1758 2304 1770 2323 ‘
1786 2299 2092 2353 aucupaui,

187 2361 389 2400 actiuum
422 2359 615 2412 positum
649 2372 728 2411 pro
750 2359 934 2411 passiuo
965 2391 973 2399 .
994 2390 1002 2399 .
1023 2391 1030 2399 .
1061 2359 1226 2399 Accius
1247 2357 1532 2411 Astyanacte
1565 2389 1573 2397 .
1593 2389 1602 2398 .
1622 2388 1630 2396 .
1660 2356 1780 2396 idem
1802 2356 1970 2396 Medea
1998 2387 2008 2396 .
2028 2387 2036 2395 .
2055 2385 2064 2396 .
2079 2359 2091 2380 ²

193 2512 300 2555 Itius
339 2513 382 2554 in
426 2510 623 2567 Ephem.
663 2509 875 2554 Darmst.
908 2507 1037 2554 1841
1066 2523 1114 2565 p.
1145 2507 1208 2553 92
1345 2507 1441 2553 397
1481 2505 1699 2566 procellas
1742 2506 1980 2565 Berylcius
2003 2508 2034 2550 l.
2061 2508 2092 2551 l.

333 2580 435 2626 400
474 2579 650 2623 auforte
680 2578 771 2623 Cic.
801 2579 928 2623 Leicl.
961 2580 1006 2622 B
1117 2578 1313 2623 fuscinae
1356 2585 1536 2622 uertens
1566 2577 1660 2622 Cic.
1689 2576 1818 2621 Leid.
1847 2576 1888 2620 Α
1927 2575 2094 2621 sustine

191 2657 370 2695 uertens
412 2651 517 2695 Erl.
561 2649 804 2694 Ciceronis
966 2649 1064 2694 401
1109 2655 1265 2708 supter
1303 2650 1548 2694 Prisciani
1583 2648 1711 2693 Leid.
1755 2647 1792 2692 V
1826 2646 1981 2692 subter
2020 2660 2094 2691 ce-

189 2724 280 2765 leri
316 2722 428 2766 libri
546 2718 727 2764 undanti
766 2719 954 2783 infracto
994 2720 1149 2765 Prisc.
1177 2719 1322 2764 Parr.
1354 2720 1457 2777 AR,
1501 2721 1602 2765 Vat.
1633 2719 1759 2763 Lem.
1805 2718 1841 2762 V
1877 2716 2096 2763 undantes

190 2793 370 2837 ueniant
410 2792 525 2836 freto
556 2791 801 2835 Ciceronis
837 2794 967 2837 cocIcI.
1113 2788 1213 2837 402
1255 2796 1297 2834 at
1323 2791 1484 2836 Leicld.
1513 2789 1606 2847 AC,
1647 2805 1731 2834 om.
1763 2789 1868 2833 ΕΓΖ.
1965 2789 2098 2848 erigit

189 2864 528 2907 Laclemannus
555 2864 599 2905 in
632 2862 775 2906 Lucr.
808 2863 845 2908 V
865 2862 996 2908 1388
1038 2862 1153 2906 eruit
1187 2860 1366 2918 Cicero,
1396 2861 1643 2906 Prisciani
1667 2860 1814 2907 Parr.
1843 2859 1947 2916 AR,
1989 2858 2091 2903 ναί.

188 2934 350 2977 meruit
389 2933 514 2977 Leicl.
562 2932 600 2976 V
637 2933 773 2977 uomit
814 2935 914 2978 edd.
956 2935 1200 2990 interpol.,
1246 2932 1488 2992 Berylcius
1524 2935 1555 2977 l.
1590 2934 1622 2976 l.
1671 2930 1841 2975 euomit
1884 2929 2095 2987 Toupius
2133 2918 2142 2925 ⁸

189 3007 236 3047 in
264 3004 463 3062 Lonyini
499 3006 554 3048 cle
594 3004 712 3048 subl.
743 3002 770 3048 3
810 3003 962 3048 euehit
991 3005 1207 3049 Klotzius
1315 3002 1416 3049 403
1445 3004 1560 3046 sicut
1587 3001 1739 3045 lasciui
1766 3008 1895 3045 nunc
1922 3001 2098 3057 scripsi

191 3075 305 3118 sicut
343 3073 466 3117 inciti
494 3074 597 3117 Erl.
638 3087 742 3118 cum
772 3076 902 3121 codd.
930 3076 1203 3132 plerisque,
1246 3074 1489 3133 Berylcius
1511 3076 1542 3119 l.
1579 3075 1609 3117 l.
1650 3072 1713 3116 sic
1738 3076 1814 3115 aut
1837 3070 1961 3114 inciti
1988 3072 2093 3115 olim

191 3145 299 3188 dccli
335 3144 397 3187 sic
433 3144 600 3188 incitati
645 3144 800 3201 Gloq.,
842 3144 1155 3202 Heindorsius
1202 3145 1334 3188 sicuti
1372 3144 1447 3188 citi
1488 3144 1565 3188 uel
1602 3149 1650 3186 ut
1692 3141 1815 3186 incili
1843 3140 2095 3185 Manutius

191 3215 254 3259 sic
281 3214 335 3258 Vt
361 3214 483 3258 inciti
512 3214 715 3258 Botlzius
741 3215 804 3258 sic
830 3215 950 3258 inciti
982 3213 1186 3259 Orellius
1210 3215 1332 3258 simis
1359 3214 1484 3258 inciti
1511 3208 1852 3257 Lachmannus
1878 3213 1926 3254 in
1946 3209 2092 3254 Lucr.

192 3283 252 3330 II
273 3284 372 3330 266
412 3285 527 3329 sieut
564 3284 728 3330 conciti
760 3298 901 3341 prop.
935 3286 1268 3330 Buechelerus
1374 3283 1684 3343 perfremitum
1713 3282 1816 3326 Erl.
1848 3279 2094 3339 perfricant

194 3354 392 3400 ‘nauem
431 3356 557 3414 Argo
596 3353 804 3398 scilicet’
848 3355 1188 3400 Laclzmannus
1221 3356 1253 3399 l.
1290 3356 1321 3398 l.
1431 3352 1532 3399 404
1561 3366 1629 3410 sq.
1668 3352 1774 3395 item
1811 3349 1900 3394 alto
1931 3349 2094 3394 mulcta

192 3428 370 3484 scripsi
393 3426 496 3469 item
526 3425 606 3468 alia
635 3423 770 3468 multa
797 3425 929 3479 libri,
972 3438 1095 3483 quae
1123 3426 1263 3484 uulgo
1283 3438 1378 3481 pro
1407 3423 1646 3468 Ciceronis
1673 3421 1832 3466 uerbis
1857 3421 2095 3465 habe-ntur

192 3497 297 3539 item
324 3495 396 3539 illa
425 3501 542 3538 mota
572 3497 646 3540 uel
672 3500 793 3538 muta
816 3509 956 3552 prop.
982 3494 1312 3540 Buechelerus
1408 3493 1565 3537 siluata
1595 3491 1710 3535 melo
1731 3491 1833 3534 Erl.
1930 3497 2004 3535 aut
2031 3492 2095 3535 sic

196 3565 362 3609 Siluani
389 3564 528 3608 melos
558 3569 677 3612 coni.
695 3564 1012 3623 Kiesslinqius
1109 3564 1209 3611 406
1239 3563 1469 3608 consimile
1497 3563 1734 3608 Ciceronis
1758 3561 1870 3606 libri
1965 3573 2093 3605 aures

197 3636 438 3680 Ciceronis
464 3636 574 3680 libri
660 3634 759 3682 407
789 3634 917 3680 altam
940 3635 1139 3680 Bolleius
1211 3640 1499 3694 prospectum
1518 3633 1773 3679 Gulielmus
1791 3631 1938 3677 Veris.
1960 3631 1992 3677 I
2009 3629 2093 3687 21,
