2299 3803
139 199 242 252 230
746 197 823 239 GR
833 196 941 237 ACC
952 194 1066 235 [IVS
1183 193 1428 234 OVIDIVS

867 322 1327 396 GRAOGHVS

887 441 1291 497 ATALANTA

291 537 333 589 O
376 539 525 606 grata
570 537 750 603 cardo,
790 534 996 603 regium
1037 549 1309 601 egressum
1349 530 1616 584 indica-ns!

917 641 1277 696 PELIADES

366 736 531 788 Sonat
572 735 788 805 inpulsu
831 731 979 803 regia
1021 732 1194 784 cardo.

908 841 1284 895 THYESTES

292 933 478 986 Mersit
521 934 790 1001 sequentis
831 933 1068 984 umidum
1110 933 1323 1000 plantas
1363 931 1599 984 humum.

691 1044 789 1095 EX
833 1042 1157 1095 INCERTA
1197 1040 1492 1094 FABVLA

297 1134 594 1201 purpuram
638 1136 687 1184 et
729 1133 969 1184 diadema

721 1275 795 1341 P.
853 1271 1204 1343 OVIDIVS
1256 1270 1477 1342 NASO

753 1385 761 1393 ’
965 1391 1227 1445 MEDEA

1025 1481 1051 1533 Ι
1092 1479 1175 1551 (1)

1004 1569 1192 1621 ἏΙθᾶθα

297 1659 517 1711 Seruare
559 1660 730 1727 sunan:
772 1658 988 1727 perdere
1032 1656 1367 1726 arljpossfin7
1407 1657 1605 1725 rogas?

1018 1753 1072 1805 II
1114 1751 1197 1823 (2)

370 1845 535 1897 Feror
574 1844 676 1895 hue
719 1844 866 1911 illue,
906 1846 965 1895 ut
1004 1844 1163 1911 plena
1204 1843 1317 1895 deo.

261 1964 475 2004 Gniccm
508 1963 760 2002 ATALANTA
801 1962 1067 2001 Priscianus
1106 1962 1169 2001 VI
1201 1975 1242 2012 p.
1275 1961 1356 2001 683
1388 1961 1437 2003 Ρ.
1473 1960 1573 2000 ‘hic
1608 1960 1801 2011 cardo,
1838 1960 2056 2001 cardinis.
2126 2011 2128 2013 v

151 2021 334 2072 quidam
367 2024 520 2059 tamen
561 2023 767 2058 ueterum
809 2019 947 2057 etiam
988 2017 1205 2057 feminino
1245 2029 1412 2070 genere
1447 2016 1532 2057 hoc
1565 2017 1867 2068 protulerunt.
1918 2016 2060 2057 Grac-

151 2078 261 2118 chus
285 2077 331 2116 in
353 2076 571 2115 Atalanta
601 2106 637 2115 ..
657 2078 693 2113 .’
727 2074 1042 2126 (Gracchus
1063 2074 1244 2114 Veneta
1271 2076 1286 2112 1
1322 2085 1561 2126 graccus
1593 2074 1703 2126 Reg.
1734 2073 1892 2116 Bamb.
1916 2072 2057 2118 Halb.

151 2132 277 2173 Grut.
311 2132 556 2184 grachus
587 2132 764 2171 Amien.
797 2131 930 2170 Bern.
964 2130 1102 2181 sang.
1136 2141 1338 2183 gracus
1369 2129 1565 2170 Karolir.
1658 2129 1914 2170 atalenta
1943 2129 2055 2181 Reg,

151 2191 283 2229 Bern.
311 2189 577 2229 athlanta
600 2188 735 2239 Sang.
760 2186 887 2227 Grut.
920 2187 1037 2226 atal
1053 2193 1182 2226 anto
1205 2186 1367 2228 Bamb.
1388 2185 1606 2237 Karolir.)
1683 2187 1922 2226 PEmAnss
1944 2187 2060 2231 Non,

151 2248 254 2293 ⁴202,
289 2247 341 2285 ⁴20
375 2245 566 2285 ‘cardo
693 2244 911 2283 feminino
946 2242 1146 2283 Graius
1179 2243 1226 2282 in
1247 2242 1515 2282 Peliadibus
1546 2246 1638 2289 ;,..'
1680 2242 1740 2292 (C
1757 2243 1879 2282 aius
1901 2242 2058 2283 Vrbin.

153 2304 233 2342 307
267 2301 551 2342 Gracchus
583 2301 790 2353 Langius
822 2300 953 2340 Vind.
986 2314 1026 2352 p.
1062 2300 1131 2348 10)
1247 2299 1494 2339 anesoess
1525 2299 1790 2339 Priscianus
1822 2299 1884 2339 VI
1912 2312 1955 2351 p.
1978 2300 2060 2339 719

152 2359 200 2397 P.
234 2358 447 2397 ‘humus
479 2357 616 2396 humi.
678 2356 760 2397 hoe
799 2357 936 2396 etiam
979 2363 1186 2395 neutrum
1226 2356 1270 2394 in
1310 2367 1382 2394 um
1417 2355 1634 2395 desinens
1671 2355 1904 2396 inuenitur
1941 2355 2060 2407 apud

154 2419 332 2454 ueteres
463 2413 663 2452 Laeuius
687 2413 733 2452 in
756 2412 935 2452 Adone:
970 2412 1152 2452 humum
1182 2411 1413 2451 humidum
1443 2411 1637 2464 pedibus
1661 2411 1791 2452 fodit.
1823 2410 2058 2452 Gracchus

152 2471 197 2509 in
238 2470 468 2522 Thyeste:
511 2469 694 2508 mersit’
739 2481 776 2508 e.
810 2482 852 2520 q.
884 2482 916 2508 s.
965 2468 1232 2521 (pedibus
1270 2498 1280 2509 .
1306 2497 1315 2507 .
1343 2497 1354 2508 .
1393 2467 1631 2507 umidum
1669 2481 1754 2512 om.
1786 2467 1899 2520 Reg.
1938 2481 1965 2507 a
2003 2480 2059 2508 m.

153 2539 216 2578 pr.
335 2538 570 2577 graccus
609 2525 719 2576 Reg.
752 2538 808 2566 m.
843 2524 920 2564 alt.
964 2531 1196 2577 graccus
1234 2522 1371 2563 Halb.
1413 2523 1654 2576 grachus
1695 2524 1751 2563 fr.
1783 2524 2059 2564 Amienense

155 2586 353 2634 gratus
385 2582 541 2621 Bamb.
574 2581 705 2621 Bern.
743 2580 872 2620 Grut.
907 2581 1043 2632 Sang.
1076 2579 1267 2620 Carolir.
1366 2579 1583 2620 thieste
1615 2579 1812 2620 mersit
1842 2579 1955 2632 Reg.
1988 2581 2060 2619 ti·

155 2638 278 2678 thes
311 2643 483 2678 temer
507 2638 581 2676 sit
605 2637 731 2677 Grut.
766 2637 1128 2677 tithestener.
1162 2638 1235 2675 sit
1257 2635 1394 2689 Sang.
1429 2635 1647 2676 thithes
1680 2635 1939 2676 temersit.
1967 2636 2060 2676 Ka·

154 2693 302 2745 rolir.)
420 2694 487 2733 Ex
519 2694 613 2733 INc.
650 2693 764 2732 FAB.
798 2691 1134 2732 Grammaticus
1166 2692 1255 2732 inc.
1289 2691 1345 2732 de
1377 2692 1525 2732 dubiis
1556 2692 1814 2733 nominibus
1845 2693 1893 2732 in
1923 2691 2063 2732 Keilii

155 2762 340 2801 gramm.
374 2751 498 2790 Latt.
521 2749 608 2789 uol.
629 2749 665 2788 V
698 2763 738 2801 p.
757 2751 838 2789 577
870 2747 929 2801 (p.
953 2751 1004 2789 77
1036 2747 1228 2801 Haupt.)
1275 2748 1559 2788 ‘diadema
1591 2749 1772 2801 generis
1804 2749 1978 2800 neutri,
2010 2753 2061 2789 ut

155 2807 383 2848 Gracchus
413 2837 450 2847 ..
471 2810 506 2845 .'
540 2804 779 2853 (Gracus
813 2805 951 2856 libri).
1005 2806 1162 2845 Vtrum
1194 2808 1331 2857 poeta
1363 2818 1419 2844 an
1452 2811 1604 2846 orator
1636 2806 1698 2845 sit
1728 2807 1963 2845 incertum.

269 2863 430 2903 Ovum
462 2864 633 2902 MEDEA
665 2862 858 2914 Legisse
898 2862 1015 2901 hanc
1054 2861 1259 2901 fabulam
1292 2861 1431 2900 etiam
1472 2862 1549 2914 qui
1587 2861 1856 2914 ‘epistulam
1886 2860 2062 2902 Valerii

157 2919 214 2958 ad
247 2919 453 2958 Rufinum
486 2932 542 2958 ne
574 2931 758 2958 uxorem
797 2919 960 2958 ducat’
1005 2918 1280 2970 conscripsit
1311 2917 1517 2967 (Hieron.
1551 2931 1654 2970 opp.
1684 2917 1774 2961 uol.
1807 2916 1889 2967 XI)
1922 2917 2060 2958 adno-

155 2977 274 3014 tauit
306 2976 356 3013 L.
391 2974 582 3014 Mueller
614 2974 781 3015 annall.
814 2973 990 3027 philon.
1025 2975 1130 3015 1867
1163 2987 1205 3026 p.
1237 2975 1333 3018 496.
1404 2974 1424 3013 Ι
1465 2974 1777 3024 Quintilianus
1810 2974 1919 3015 VIII
1954 2971 2060 3022 5,'6

159 3031 232 3079 (de
265 3030 419 3081 figuris
453 3030 798 3081 sententiarum)
835 3035 908 3070 ‘et
938 3030 1243 3070 translatione
1276 3043 1303 3069 a
1326 3029 1548 3070 communi
1580 3030 1637 3069 ad
1668 3030 1911 3082 proprium.
1954 3042 2059 3070 nam

159 3100 256 3127 cum
289 3088 347 3126 sit
378 3091 573 3126 rectum:
608 3099 772 3126 nocere
807 3087 940 3127 facile
973 3091 1061 3132 est,
1094 3086 1309 3138 prodesse
1342 3085 1552 3126 difficile:
1596 3086 1910 3126 uehementius
1941 3085 2062 3138 apud

157 3143 367 3183 Ouidium
407 3143 569 3182 Medea
610 3142 720 3182 dicit
753 3147 860 3184 ...²
992 3143 1037 3182 11
1077 3144 1254 3197 Seneca
1295 3142 1475 3183 Suasor.
1513 3146 1538 3183 3
1577 3156 1618 3194 p.
1650 3144 1726 3193 21,
1759 3144 1813 3183 30
1845 3142 1897 3182 B.
1939 3141 2060 3182 ‘hoc

265 3261 550 3306 GRACCHVS
592 3261 619 3305 2
659 3261 840 3320 inpulsu
867 3263 1031 3307 Delrio
1071 3261 1244 3320 inpulsa
1281 3261 1394 3306 libre·
1506 3261 1534 3306 3
1576 3259 1911 3306 liunniduindum
1938 3261 2057 3320 Rey.

161 3339 203 3377 e!
231 3333 376 3378 Halb.
415 3348 471 3375 m.
504 3333 527 3376 1
563 3331 765 3376 Carolir.
808 3331 1037 3375 humidum
1079 3334 1229 3377 celeri
1358 3330 1528 3390 plautas
1568 3331 1816 3376 Bentleius
1850 3333 1898 3375 in
1934 3331 2056 3376 Hor.

161 3419 203 3445 a.
226 3418 275 3460 p.
305 3402 406 3447 ‘260
444 3402 603 3461 plantis
641 3403 753 3446 libri
894 3401 925 3445 4
965 3416 1204 3461 purpuram
1243 3400 1309 3446 M.
1335 3401 1583 3459 Hauptius
1618 3414 1817 3460 purpura
1852 3402 1967 3446 libri

265 3472 475 3516 ovnnvs
519 3474 540 3516 1
585 3473 730 3531 possis
758 3471 948 3517 Monac.
1059 3471 1086 3516 2
1118 3472 1302 3531 ueplcna
1331 3472 1571 3529 Antwcrp.
1616 3470 1801 3530 ucplane
1830 3470 2056 3517 Bruxell.

161 3543 357 3586 Lalclne
398 3541 500 3586 uolo
541 3541 699 3601 plena?
