2294 3844
1024 312 1076 354 L.
1109 312 1328 353 A'rrrvs
2034 310 2134 362 201

1077 441 1159 494 HI
1201 440 1284 513 (6)

676 578 685 586 .
749 540 963 604 praesto
1006 538 1167 590 etiam
1208 539 1411 591 adsum.
1453 572 1521 577 ——

372 631 640 700 Exprome
683 633 809 700 quid
849 634 979 686 fers:
1020 637 1146 688 nani
1186 639 1238 688 te
1272 637 1438 706 longo
1484 634 1590 707 [ab]
1634 635 1764 689 itere
1800 656 1957 690 cerno
1995 635 2135 709 [hue]

1564 734 1775 786 uadere.

223 901 330 952 500
372 900 696 971 Coniugium
735 901 871 954 Pisis
911 905 1115 973 petere,
1156 905 1223 955 ad
1262 907 1315 956 te
1356 904 1518 956 itiner
1557 905 1790 957 tendere.
1951 965 1970 972 ⁶

372 1095 609 1147 Horrida
649 1096 995 1149 honestitiido
1036 1096 1287 1166 Europae
1329 1096 1655 1167 principium
1703 1099 1876 1168 primo
1919 1100 1981 1150 ex
2021 1099 2137 1150 loco

1079 1193 1158 1246 VI
1200 1191 1283 1265 (3)

369 1288 489 1358 Ego
530 1293 589 1341 ut
620 1291 799 1343 'essem
840 1291 1030 1343 adfinis
1070 1289 1196 1360 tibi,
1235 1310 1347 1343 non
1388 1294 1448 1343 ut
1487 1294 1539 1343 te
1582 1290 1974 1361 extinguerem,

372 1386 542 1438 Tuam
582 1388 711 1456 pe'tii
753 1390 996 1457 gnatam:
1036 1391 1260 1440 numero
1302 1391 1354 1440 te
1397 1390 1671 1458 expugnat
1710 1389 1886 1441 timor.

1060 1484 1169 1537 VII
1211 1483 1294 1555 (5)

371 1578 567 1631 Saxum
609 1581 661 1632 id
701 1581 832 1632 facit
871 1582 1283 1651 angristitatem,
1333 1585 1386 1634 et
1425 1583 1522 1634 siib
1565 1602 1626 1635 eo
1670 1602 1797 1635 saxo
1841 1583 2137 1635 exuberans

222 1676 330 1729 505
372 1675 623 1729 Scatebra
666 1678 860 1730 fluuiae
902 1679 1044 1730 radit
1082 1698 1284 1748 rupem.

1049 1774 1188 1828 VIII
1229 1772 1312 1846 (4)

371 1870 769 1940 Quemcumque
810 1873 1113 1925 institeram
1147 1877 1447 1943 grumulum
1486 1877 1579 1925 aut
1611 1875 1911 1942 praecisum
1951 1876 2135 1945 iugum

338 2005 406 2044 IlI
438 2004 555 2045 Non.
588 2007 694 2055 485,
727 2008 752 2046 5
785 2007 978 2046 ‘iteris
1012 2007 1213 2059 positum
1246 2020 1325 2060 pro
1358 2007 1540 2047 itineris
1571 2038 1607 2047 ..
1629 2011 1663 2048 .'
1802 2010 1862 2049 lv
1895 2009 2008 2049 Non.
2043 2010 2139 2055 48⁶2,

222 2062 276 2101 2ss
318 2062 525 2101 ‘itiner
565 2062 733 2102 dietum
767 2076 846 2114 pro
877 2063 964 2103 iter
1001 2095 1010 2105 .
1037 2094 1046 2104 .
1072 2096 1080 2104 .
1109 2068 1143 2104 .'
1291 2066 1328 2104 V
1360 2065 1474 2103 Non.
1512 2066 1612 2112 120,
1644 2067 1694 2104 31
1739 2065 2138 2105 ‘honestitudo

223 2131 301 2170 pro
333 2117 580 2158 honestas)
697 2119 759 2159 VI
792 2120 962 2159 Festus
994 2134 1036 2172 p.
1076 2123 1152 2160 170
1183 2120 1242 2164 M,
1277 2124 1528 2160 ‘numero
1561 2121 1746 2160 nimium
1779 2123 1892 2170 cito,
1928 2121 2141 2161 celeriter

223 2175 410 2213 nimium
443 2197 494 2201 —
536 2175 691 2215 Attius
733 2176 780 2214 in
812 2177 1068 2216 Oenomao:
1111 2180 1221 2228 ego'
1263 2191 1302 2216 e.
1338 2191 1375 2228 q.
1410 2190 1442 2216 s.
1504 2178 1617 2216 Non.
1652 2181 1757 2229 352,
1795 2181 1845 2218 17
1887 2183 2137 2219 ‘numero

223 2231 454 2282 significat
479 2232 585 2274 cito.
628 2232 790 2271 Accius
813 2233 1069 2273 Oenomao:
1102 2246 1326 2273 numero
1361 2239 1411 2273 te
1445 2236 1823 2286 expurgasti.²
1917 2236 1999 2277 vn
2020 2235 2135 2276 Non.

224 2290 293 2339 73,
326 2290 380 2327 24
412 2289 881 2340 ‘angustitatemJ
923 2290 1036 2340 (dic
1054 2293 1162 2328 tum
1195 2303 1289 2342 pro
1323 2292 1591 2342 angustia
1623 2291 1754 2330 addit
1776 2292 1953 2339 Bamb.)
2008 2292 2136 2330 Haec.

221 2344 412 2384 Paetum
445 2346 491 2383 in
525 2345 723 2397 epistula
756 2345 814 2384 ad
845 2345 1111 2386 Ciceronem
1135 2345 1394 2387 laudauisse
1430 2351 1476 2386 et
1508 2347 1605 2397 ipse
1640 2353 1818 2398 quaest.
1843 2360 1964 2388 scen.
1992 2361 2029 2400 p.
2055 2351 2136 2389 333

224 2401 357 2440 docui
386 2406 432 2441 et
460 2402 636 2441 monuit
659 2402 924 2442 Krahnerus
948 2404 995 2442 in
1017 2403 1206 2455 Bergkii
1230 2404 1405 2455 ephem,
1434 2405 1540 2443 1852
1564 2417 1607 2456 p.
1627 2405 1730 2444 398:
1765 2405 1834 2444 illi
1857 2406 2138 2457 respondeus

223 2457 385 2497 Cicero
418 2458 477 2497 ad
501 2458 605 2497 fam.
630 2458 694 2497 lx
719 2461 784 2510 16,
809 2462 832 2497 4
867 2459 1040 2499 adlusit
1072 2460 1163 2501 his:
1199 2464 1354 2512 ‘quam
1386 2461 1440 2500 ob
1474 2474 1566 2499 rem
1601 2460 1876 2501 Oenomao
1911 2466 1988 2502 tuo
2025 2461 2135 2501 nihil

222 2519 343 2563 utor;
395 2515 482 2555 etsi
522 2515 719 2566 posuisti
757 2515 857 2555 loeo
900 2529 1098 2557 uersus
1130 2517 1423 2557 Accianos.
1487 2516 1567 2556 sed
1607 2530 1722 2569 quae
1762 2523 1833 2559 est
1879 2518 2136 2558 inuidia?

226 2575 306 2611 aut
339 2571 444 2624 quid
475 2572 587 2611 mihi
618 2585 738 2612 nune
771 2572 969 2613 inuideri
1008 2576 1193 2626 potest?
1231 2604 1355 2614 .....
1395 2575 1463 2613 ita
1495 2574 1543 2613 fit
1574 2578 1624 2613 ut
1663 2579 1709 2613 et
1741 2575 2031 2615 consiliorum
2065 2588 2138 2615 su-

224 2628 451 2680 periorum
492 2629 778 2669 eonscientia
820 2635 864 2668 et
903 2631 1160 2682 praesentis
1199 2631 1413 2684 temporis
1456 2630 1769 2671 moderatione
1811 2645 1879 2671 me
1913 2633 2138 2682 consoler,

223 2690 268 2725 et
299 2684 459 2724 illam
482 2685 641 2726 Accii
663 2686 1105 2727 similitudinem
1128 2701 1231 2727 non
1258 2684 1463 2742 [inodo’z
1497 2691 1623 2728 recte
1648 2687 1734 2728 del.
1759 2687 1968 2741 Ernesti]
2003 2689 2135 2728 ‘iam

227 2740 294 2780 ad
316 2742 614 2793 inuidiam,
648 2743 729 2782 sed
751 2743 809 2782 ad
834 2743 1065 2783 fortunam
1099 2745 1390 2794 transferam,
1426 2758 1557 2798 quam
1581 2745 1793 2785 existimo
1827 2745 1972 2785 leuem
2004 2750 2049 2784 et
2072 2747 2134 2784 in-

223 2797 435 2838 becillam
468 2800 525 2839 ab
559 2802 710 2839 animo
732 2799 856 2840 firmo
890 2804 934 2840 et
966 2801 1099 2852 graui
1131 2805 1402 2853 tamquam
1439 2801 1677 2841 fluctum
1711 2815 1737 2841 a
1769 2815 1902 2842 saxo
1945 2802 2135 2853 frangi

223 2858 468 2907 oportere.'
528 2855 640 2896 VIII
661 2856 777 2898 Non.
798 2858 863 2907 15,
881 2858 936 2897 25
969 2861 981 2880 ⁶
999 2870 1059 2909 gr
1070 2870 1274 2897 uminus
1295 2857 1465 2898 dicitur
1488 2871 1645 2911 agger,
1668 2872 1695 2898 a
1717 2860 1929 2911 congerie
1953 2858 2137 2898 dietus)

366 3019 467 3065 498
508 3022 606 3066 Pro
638 3023 946 3079 paroemiaci
975 3024 1229 3080 particula
1267 3023 1418 3068 habeo
1527 3029 1680 3081 presto
1713 3022 1877 3067 Bamb.
1978 3019 2133 3084 etiam]

228 3105 290 3135 cm
330 3103 397 3135 en]
438 3091 551 3135 iam?
591 3091 661 3149 cf,
686 3107 730 3137 u.
760 3092 860 3139 302
985 3092 1086 3139 499
1128 3093 1242 3137 seras
1274 3094 1604 3139 Buechelerus
1713 3092 1764 3136 ab
1802 3108 1888 3140 om.
1923 3094 2035 3138 libri

225 3161 312 3205 huc
347 3158 432 3206 om'.
468 3163 581 3206 libri
723 3162 826 3209 500
863 3163 973 3208 Pisis
1013 3163 1177 3209 Delre'o
1217 3164 1331 3209 Tisis
1369 3166 1483 3210 libri
1598 3171 1753 3222 petere
1786 3164 1943 3209 Delriu
1985 3172 2136 3223 patere

227 3232 394 3276 Bamb.
433 3238 560 3291 pater
600 3236 749 3278 ceteri
783 3235 897 3279 libri
1002 3235 1053 3279 ad
1096 3242 1138 3279 te
1175 3236 1346 3281 Iunius
1383 3239 1429 3280 iu
1470 3251 1555 3295 my.
1596 3241 1666 3278 eat
1707 3241 1748 3278 te
1786 3236 1900 3280 libri
1917 3237 2136 3293 plerique

224 3316 245 3345 a
288 3308 329 3346 te
358 3302 531 3347 Bamb.
572 3317 625 3347 eo
665 3311 708 3348 te
734 3305 899 3350 Dclrio
997 3307 1083 3350 iter
1111 3305 1281 3351 Bamb.
1393 3307 1490 3352 501
1535 3304 1741 3362 horrida,
1782 3307 1914 3351 immo
1955 3304 2132 3350 horida:

226 3371 293 3429 cf.
321 3372 388 3419 80
498 3369 790 3436 principium]
832 3375 899 3433 ef.
939 3376 1283 3423 Laclzmannus
1320 3380 1367 3422 iu
1394 3378 1538 3422 Lucr.
1567 3377 1597 3422 I
1622 3374 1722 3420 744
1760 3377 2012 3434 principum
2038 3375 2134 3418 Bo-

146 3459 156 3469 ·
225 3440 354 3487 thius
380 3442 434 3499 2,
471 3444 590 3502 fort.
632 3451 787 3490 recte.-
827 3446 891 3504 cf.
921 3445 1021 3492 419
1134 3446 1234 3494 502
1264 3448 1372 3507 petii
1409 3451 1551 3506 uulyo
1590 3446 1680 3508 peti
1721 3447 1820 3491 cod.
1956 3452 2133 3505 gnatam

240 3512 441 3559 Vrsinus
468 3521 599 3574 gnata
627 3518 728 3561 cod.
827 3523 1056 3577 expugnat
1085 3518 1219 3562 timor
1250 3518 1300 3563 Ο.
1329 3518 1596 3564 Muellerus
1621 3522 1841 3575 expurgat
1869 3517 2003 3560 timor
2029 3517 2133 3561 cod.

227 3610 362 3655 Festi
384 3614 644 3673 expurgasti
671 3615 854 3660 Nonius
964 3615 1065 3662 504
1093 3617 1413 3675 augustitatem
1439 3617 1570 3662 Laid.
1611 3590 1929 3674 aiigustitateiii
1968 3615 2026 3658 W

228 3679 328 3726 505
367 3679 553 3744 ssuuiae]
595 3684 662 3742 cf.
690 3685 1032 3731 Luclzmannus
1070 3689 1117 3731 in
1154 3687 1299 3731 Lucr.
1325 3702 1375 3745 p.
1405 3686 1505 3732 326
1616 3684 1716 3731 506
1756 3686 1829 3728 Au
1865 3685 2134 3730 institerint?
