2294 3844
980 270 1038 309 M.
1073 266 1371 310 PAcvvlvs
2068 266 2136 317 95

1030 397 1187 450 XXV
1230 395 1350 467 (30)

385 496 526 564 Heu,
567 496 678 547 non
717 498 1008 562 tyrannum
1049 495 1178 546 noui
1218 493 1686 547 temerii-udinem?

1045 590 1230 643 XXVI
1264 589 1347 662 (3)

242 688 345 741 150
387 688 477 741 Set
516 688 636 740 med
676 689 905 741 ineertat
945 686 1130 740 dl'etio:
1172 706 1334 756 quare
1375 686 1582 755 expedi!

998 784 1212 837 XXVII
1255 781 1374 855 (16)

384 881 477 934 Nil
518 882 825 935 coniectura
865 879 1014 950 qusui
1053 880 1477 949 interpretzirier,

386 978 651 1040 Quorsum
691 979 973 1043 †flexiuiee
1015 978 1376 1031 contenderet.

986 1074 1229 1128 XXVIII
1271 1072 1391 1145 (34)

384 1172 513 1225 'Ista
554 1173 596 1224 si
636 1174 712 1225 ita
753 1176 879 1225 sunt
911 1173 1203 1242 promerita
1226 1173 1430 1240 uestra,
1471 1171 1814 1239 aequiperare
1855 1172 1915 1221 ut
1955 1187 2145 1237 queam

386 1270 612 1339 Vereor,
659 1271 762 1322 nisi
802 1271 1097 1340 numquam
1135 1269 1356 1321 fatiscat
1402 1268 1576 1321 faieere
1618 1268 1759 1336 quod
1800 1267 1960 1335 quibo
2002 1267 2145 1318 boni.

1018 1365 1202 1419 XXIX
1245 1364 1366 1436 (25)

244 1463 346 1515 155
385 1462 559 1516 'Vnde
601 1464 872 1516 exoritur?
914 1465 1018 1532 quo
1060 1463 1324 1532 praesidio
1366 1462 1557 1531 fretus,
1598 1458 1809 1513 auxiliis
1850 1461 2080 1529 quibus?

387 1559 502 1621 Quo
545 1560 766 1613 consilio
809 1562 1206 1629 consternatur,
1247 1561 1350 1628 quaC
1391 1559 1468 1628 ui,
1509 1559 1656 1610 euius
1697 1557 1901 1626 copiis?

351 1679 478 1721 XXV
508 1679 625 1721 Non.
661 1681 765 1732 181,
799 1682 849 1720 21
884 1679 1370 1721 ‘temeritudinem
1402 1692 1480 1731 pro
1514 1677 1785 1718 temeritate.
1816 1678 1870 1718 P.
1901 1675 2147 1717 Duloreste

276 1767 285 1776 .
466 1735 615 1776 XXVI
645 1736 760 1777 Non.
797 1739 891 1788 123,
915 1739 969 1777 30
1002 1737 1300 1786 ‘ineertat,
1333 1736 1558 1775 incertum
1590 1734 1720 1776 faeit.
1762 1733 1813 1773 P.
1842 1732 2147 1773 Doloreste

246 1796 339 1834 ...²
392 1790 660 1861 Comparari
706 1797 860 1845 potest
901 1793 1134 1846 Euripidis
1179 1792 1328 1846 Iphig.
1366 1792 1502 1835 Taur.
1543 1804 1586 1833 u,
1628 1791 1735 1830 1162
1782 1789 1831 1830 τί
1876 1785 2149 1843 φροιμιάζει

239 1843 467 1901 νεοχμόν;
503 1843 685 1900 &gomma
716 1847 898 1901 σαφῶς.
995 1850 1168 1890 XXVII
1199 1849 1313 1890 Non.
1347 1850 1449 1898 260,
1487 1849 1539 1889 10
1572 1845 1895 1887 ‘contendit
1926 1847 2152 1899 proripuit

241 1905 314 1946 uel
346 1906 512 1946 direxit
543 1905 773 1959 signifieat
802 1938 812 1948 .
842 1938 851 1945 .
878 1938 887 1948 .
914 1937 922 1945 .
960 1907 1012 1947 Ρ.
1045 1907 1295 1947 Duloreste
1326 1937 1336 1947 .
1362 1936 1370 1944 .
1397 1908 1434 1947 ‚²
1590 1903 1788 1944 XXVIII
1818 1903 1933 1943 Non.
1970 1905 2065 1952 307,
2102 1904 2170 1944 10,

242 1962 556 2003 ‘fatiscere
595 1967 666 2003 est
697 1964 896 2016 aperire,
939 1976 1114 2003 rursum
1153 1962 1347 2003 deficere
1385 1993 1394 2002 .
1421 1992 1429 2001 .
1457 1992 1466 2002 .
1511 1962 1563 2002 P.
1596 1960 1840 2001 Duloreste
1876 1957 2150 2012 [153.15-l]’

240 2018 366 2058 Idem
398 2020 502 2070 479,
538 2022 587 2060 15
621 2020 1006 2060 ‘fatiscuntur
1036 2033 1115 2072 pro
1149 2020 1374 2060 fatiscunt
1501 2018 1702 2059 Accius
1734 2016 1976 2057 Duloreste
2008 2013 2150 2068 [154]’

241 2082 558 2154 (Doloreste
592 2104 770 2155 Bamb.)
923 2104 1076 2145 XXIX
1107 2104 1222 2144 Non.
1258 2105 1361 2153 262,
1393 2105 1446 2143 32
1487 2101 1879 2143 ‘consternari
1919 2099 2152 2153 significat

240 2161 409 2259 {lgligsiie
437 2159 732 2201 consternari
764 2174 942 2201 rursum
985 2161 1114 2213 erigi.
1176 2161 1408 2200 Pacuuius
1448 2160 1494 2199 in
1526 2159 1753 2199 Periboea
1791 2188 1800 2197 .
1828 2189 1836 2197 .
1864 2188 1872 2197 .
1911 2156 2029 2198 idem
2062 2158 2152 2195 Du-

387 2368 483 2415 149
525 2369 636 2422 heu,
687 2381 777 2413 non
816 2366 1074 2413 Mercerus
1121 2380 1238 2411 euno
1276 2367 1389 2411 libri
1433 2378 1551 2425 egon
1600 2365 1671 2410 ecl.
1721 2362 1851 2409 1526
1902 2377 1984 2421 eu,
2034 2377 2152 2407 nunc

247 2441 447 2486 Botleius
484 2454 534 2485 ex
575 2446 617 2485 te
659 2453 746 2484 uno
786 2439 990 2485 Rothius
1029 2439 1162 2483 eiuno
1194 2437 1438 2496 Berylcius
1477 2436 1659 2494 eplzem.
1701 2436 1962 2480 studiorum
2002 2437 2149 2492 (tuliq.

245 2510 378 2556 1856
413 2525 463 2568 p.
510 2510 604 2556 131
647 2510 732 2555 eho
771 2524 862 2554 nou
901 2513 1005 2568 ipse
1044 2511 1358 2555 coniecerant.
1479 2505 1790 2551 temeritudine
1829 2506 1933 2551 olim
1972 2507 2155 2550 conieci

244 2588 479 2644 tyrannum
528 2585 879 2640 interpretatus
923 2583 1278 2636 accusccliuum,
1327 2581 1596 2639 yenelz'uum
1643 2579 1838 2637 (cyizouil
1881 2575 2149 2621 Mercerus.

392 2651 492 2698 150
529 2651 629 2696 med
669 2652 875 2698 Bolleiics
921 2665 975 2696 ne
1014 2652 1126 2696 libri
1162 2664 1230 2695 me
1266 2650 1437 2696 Iunius
1589 2654 1658 2693 set
1708 2647 1779 2692 uia
1826 2660 1893 2691 me
1932 2647 2150 2704 suspica-

245 2730 320 2768 lus
357 2736 505 2768 eram.
689 2736 827 2782 quare
869 2722 1147 2768 Scriuerius
1187 2735 1319 2781 quam
1367 2733 1459 2765 rem
1494 2719 1606 2765 libri
1651 2719 1756 2778 quin
1799 2731 1893 2762 rem
1932 2717 2150 2775 Scaliyer

245 2793 449 2851 Coni.p.
479 2793 542 2839 69
729 2793 823 2838 151
866 2793 928 2837 nil
962 2792 1135 2838 Iunius
1169 2795 1215 2837 in
1242 2807 1331 2851 my.
1373 2790 1481 2835 nihil
1515 2791 1628 2835 libri
1811 2787 1909 2833 152
1951 2787 2151 2832 ssexiuiee

243 2865 356 2908 libri
392 2862 567 2908 flexiuia
605 2863 740 2909 dictio
783 2864 996 2921 Grotius,
1042 2864 1249 2922 pulchre
1299 2862 1408 2920 (nisi
1445 2860 1681 2920 flexiloqua
1722 2856 1907 2918 males),
1960 2864 2003 2902 el
2035 2872 2148 2915 pro-

247 2935 377 2979 bauit
415 2935 743 2980 Hermamzus.
793 2934 1003 2994 perplexa
1053 2947 1161 2979 uoce
1203 2933 1404 2979 Bollcius
1443 2931 1471 2975 2
1523 2930 1632 2976 flexa
1680 2931 1856 2975 ceruice
1894 2929 2064 2974 Iunius
2103 2931 2149 2972 in

244 3020 343 3065 my*
376 3006 549 3049 ceruice
577 3004 686 3049 flexa
716 3005 1003 3064 Slieylilzius
1111 3018 1158 3048 se
1184 3002 1479 3048 contenderet
1508 3002 1709 3050 Belleius
1737 3000 1765 3044 2
1795 3007 1886 3045 tum
1914 3013 1951 3044 e.
1981 3000 2151 3044 Izcizius

246 3078 292 3120 in
332 3090 423 3134 my.
572 3075 670 3121 153
710 3077 793 3120 ista
834 3076 872 3120 si
909 3075 966 3119 ita
1008 3075 1340 3120 Buecleelerus
1389 3079 1437 3116 ut
1485 3073 1521 3116 si
1559 3073 1617 3117 ita
1656 3073 1769 3117 libri
1805 3078 1849 3115 at
1886 3071 1924 3114 si
1962 3071 2020 3114 ila
2058 3070 2150 3114 Gu-

246 3147 431 3190 lielmus
458 3145 597 3190 Misc.
636 3153 821 3204 quaest.
864 3159 905 3190 c.
937 3145 965 3189 2
1006 3147 1139 3204 apud
1175 3145 1311 3190 Grut.
1341 3144 1425 3189 III
1459 3141 1560 3188 458
1600 3149 1650 3186 ut
1686 3144 1767 3187 ista
1798 3142 1989 3186 Grotius
2027 3141 2148 3185 Bibl.

246 3219 354 3261 crit.
393 3229 502 3261 nou.
540 3208 622 3261 IV
655 3230 774 3261 nune
812 3217 849 3261 si
887 3218 947 3260 ita
988 3216 1256 3274 Sclzoppius
1306 3215 1454 3260 Veris.
1491 3212 1581 3258 III
1618 3212 1781 3270 praef.
1933 3212 1977 3255 at
2015 3211 2072 3255 ita
2112 3210 2149 3252 si

245 3288 490 3345 promerita
539 3292 687 3330 uestra
735 3294 842 3331 sunt
890 3289 1074 3332 conieci
1231 3286 1522 3344 aequiparare
1566 3284 1702 3340 libri,
1753 3282 1820 3341 cf.
1858 3281 2151 3327 Ritsclzelius

247 3355 378 3401 Prol.
413 3356 542 3401 Trin.
564 3371 616 3414 p.
645 3356 710 3403 83
739 3364 783 3402 et
811 3357 875 3403 96
1012 3355 1111 3402 154
1151 3357 1236 3400 uisi
1273 3356 1386 3400 libri
1415 3369 1466 3412 p.
1497 3354 1596 3400 307
1637 3354 1674 3398 si
1711 3353 1822 3399 libri
1850 3366 1903 3409 p.
1931 3350 2031 3395 479
2070 3349 2149 3393 sed

250 3426 442 3472 Grotius
597 3440 798 3486 peream,
853 3428 922 3472 sin
962 3440 1171 3487 uinquam
1210 3426 1262 3473 L.
1300 3426 1508 3470 Mueller
1555 3426 1737 3469 ccnnall.
1785 3423 1968 3480 plei‘loll.
2016 3418 2146 3465 1867

243 3510 293 3552 p.
334 3496 464 3554 494,
514 3499 641 3555 quod
672 3504 873 3555 praeter
921 3501 1075 3555 ipsum
1113 3511 1250 3542 nemo
1285 3495 1439 3554 facile
1465 3497 1720 3554 intelleget.
1855 3490 1974 3550 quod
2013 3488 2148 3549 quibo

247 3564 352 3609 boni
390 3567 561 3612 Iunius
597 3570 645 3612 in
683 3583 773 3628 my.-
813 3568 931 3627 quod
972 3566 1156 3627 quiboni
1204 3566 1317 3611 libri
1344 3580 1398 3623 p.
1435 3565 1534 3611 307
1576 3562 1818 3623 quodquod
1870 3559 2004 3619 quibo
2045 3560 2147 3604 boni

246 3636 360 3680 libri
391 3651 440 3693 p.
467 3636 568 3681 479
717 3637 815 3683 155
855 3637 1040 3682 auxilius
1091 3638 1151 3682 W
