2294 3844
300 215 437 258 LXV]
1031 207 1464 254 CoRoLLARIVM

447 349 601 399 &199
637 366 709 415 sq.
760 345 921 398 Denis
964 352 1018 397 ut
1059 348 1125 398 97
1163 366 1236 414 sq.
1263 345 1518 397 duodenis
1560 344 1774 412 syllabis
1814 363 2042 425 paeones
2083 346 2189 397 effi-

298 438 508 488 ciendos
564 455 677 487 esse
734 437 931 487 amicus
987 436 1199 504 quidam
1264 433 1545 501 aliquando
1609 436 1906 502 putaverat,
1969 454 2190 503 quorum

297 526 595 592 exemplum
636 525 732 575 hoc
773 525 1071 592 proposuit:

673 613 765 681 qui
803 631 991 680 repens
1035 614 1218 664 sonere
1259 613 1413 679 pulsu
1455 611 1604 679 graui

674 701 754 753 ui's
795 702 955 769 fores,
998 701 1219 768 strepitu
1261 704 1319 751 ut
1359 701 1657 751 exterreant
1698 699 1804 750 -Ῥ

300 798 385 842 aut
430 791 708 857 ‘strepitus
759 794 815 840 ut
863 790 1097 840 terreat)
1179 788 1252 839 At
1299 788 1401 839 ista
1450 788 1660 856 quidem
1709 789 2077 855 interpretatio
2126 790 2191 841 ab

300 880 441 930 omni
485 880 720 929 omnium
762 879 1100 929 metricorum
1141 877 1345 927 ratione
1387 876 1648 927 abhorret.
1720 875 1920 927 Noster
1959 879 2097 928 certe
2136 881 2195 928 ut

299 968 563 1018 senarium
620 967 746 1017 dicit
808 967 1106 1017 trimetrum
1170 965 1453 1016 iambicum
1513 964 1791 1015 duodecim
1857 965 2193 1032 syllabarum,

299 1057 628 1107 octonarium
685 1060 734 1106 et
792 1055 1147 1123 septenarium
1203 1053 1438 1104 iambum
1495 1057 1611 1104 octo
1668 1057 1719 1104 et
1767 1057 1967 1120 septem
2022 1053 2192 1120 plenis

299 1145 518 1211 pedibus
560 1144 908 1211 compositos,
948 1144 1074 1194 item
1108 1143 1339 1193 ionicum
1375 1142 1732 1208 septenarium
1766 1142 2011 1210 designat
2043 1140 2191 1193 Sota-

296 1233 450 1283 deum
490 1233 660 1283 tribus
701 1233 908 1298 ionicis,
950 1232 1038 1300 qui
1073 1231 1269 1299 singuli
1311 1230 1578 1298 syzygiam
1619 1230 1811 1297 pedum
1845 1230 2101 1298 efficiunt,
2141 1234 2193 1281 et

295 1321 510 1371 dimidio
567 1324 922 1388 constantem,
988 1324 1039 1371 et
1094 1322 1440 1386 anapaestum
1506 1319 1859 1386 octonarium,
1923 1319 2012 1387 qui
2074 1321 2192 1370 octo

294 1410 514 1476 pedibus
556 1409 791 1460 efficitur.
870 1409 1034 1476 Atqui
1082 1425 1253 1475 paeon
1297 1407 1594 1474 sescuplum
1641 1407 1828 1474 pedem
1867 1406 2192 1458 trochaicum

295 1499 367 1548 ita
402 1498 790 1565 complectitur,
831 1501 889 1548 ut
928 1498 1039 1549 bini
1081 1513 1308 1563 paeones
1343 1498 1523 1547 ternos
1564 1495 1722 1562 pedes
1756 1496 2025 1562 expleant:
2066 1511 2192 1563 ergo

295 1587 568 1637 duodecim
618 1587 793 1653 explet
840 1589 1066 1637 metrum
1115 1589 1234 1636 octo
1282 1601 1566 1651 paeonum,
1615 1584 1754 1651 quod
1803 1583 2022 1651 paeonis
2066 1582 2190 1633 duo-

295 1675 494 1725 denarii
544 1675 757 1725 nomine
807 1675 1156 1744 significatur,
1205 1673 1358 1740 quale
1405 1690 1450 1723 v.
1491 1672 1558 1722 97
1602 1690 1676 1739 sq.
1726 1672 2015 1723 exhibetur.
2107 1670 2191 1721 Ad

295 1763 618 1830 eandemque
659 1764 920 1814 rationein
962 1763 1207 1814 denarius
1249 1766 1300 1811 et
1349 1759 1700 1811 dimetiendus
1743 1764 1794 1811 et
1833 1759 2191 1811 restituendus

295 1857 386 1902 est.
466 1852 610 1912 Quae
661 1852 725 1903 ad
774 1852 1028 1903 amussim
1077 1850 1321 1918 quadrat,
1369 1849 1434 1915 si,
1488 1852 1546 1898 ut
1594 1849 1649 1899 in
1691 1849 2033 1899 adnotatione
2072 1866 2190 1916 pro-

293 1941 469 2006 posui,
517 1958 605 1991 sex
653 1958 904 2008 paeones,
959 1940 1007 1991 h.
1056 1958 1095 1990 e.
1149 1956 1341 1990 novem
1396 1936 1555 2004 pedes
1606 1938 1842 2005 sequitur
1895 1937 2190 2004 trochanS,

295 2028 449 2094 plane
491 2028 555 2078 ad
596 2029 868 2080 Alcmanis
908 2029 1037 2079 illud
1078 2028 1375 2095 exemplum
1408 2020 1708 2091 Ἀφροδίτα
1751 2021 1854 2087 μὲν
1901 2021 2005 2074 οὐκ
2053 2019 2189 2090 ἔστι,

293 2115 503 2180 μάργος
540 2111 594 2164 δ’
634 2110 811 2181 ’Έρως
849 2106 937 2165 οἷα
975 2121 1104 2173 παῖς
1141 2113 1378 2166 vratoda..
1431 2114 1621 2166 Deficit
1650 2113 1913 2180 semipede
1945 2114 2000 2164 in
2041 2113 2189 2180 quin-

294 2222 393 2271 que
435 2204 662 2270 creticis,
703 2223 834 2271 quos
875 2204 1209 2255 ditrochaeus
1251 2203 1499 2270 sequitur.

441 2292 685 2343 Ceterum
743 2293 1107 2344 doctissimum
1164 2292 1591 2361 grammaticum,
1646 2291 1792 2342 cuius
1848 2290 1918 2342 (le
1972 2292 2189 2342 metris

294 2384 713 2448 fragmentum
755 2380 1018 2433 Censorini
1054 2380 1231 2431 libello
1258 2380 1518 2431 adnexum
1551 2379 1766 2447 legitur,
1805 2398 2021 2447 prorsus
2052 2394 2189 2431 ‘vana

296 2473 450 2535 atque
493 2469 673 2536 iniqua
715 2469 942 2535 suspicio
983 2473 1064 2520 est
1110 2468 1324 2519 finxisse
1373 2468 1629 2536 quaedam
1671 2470 2031 2535 exemplorum
2071 2488 2187 2520 suo-

295 2575 426 2607 rum.
505 2556 684 2608 Finxit
725 2575 850 2608 sane
891 2559 970 2608 vel
1018 2557 1419 2624 transfiguravit
1466 2574 1633 2624 pauca
1681 2557 1735 2606 in
1775 2557 1961 2607 ultimo
2003 2557 2187 2624 capite,

295 2645 432 2712 quod
473 2650 652 2702 tamen
693 2646 805 2713 ipse
840 2650 1018 2713 aperte
1052 2645 1305 2696 indicavit
1345 2645 1628 2696 ‘contraho
1670 2688 1679 2697 .
1721 2688 1731 2696 .
1773 2663 1922 2696 sumo
1964 2687 1973 2696 .
2016 2688 2025 2696 .
2065 2663 2186 2696 con-

295 2752 434 2799 pono
477 2776 485 2784 .
528 2776 537 2784 .
579 2734 713 2785 facio
757 2776 765 2785 .
802 2776 811 2784 .
853 2734 1102 2785 adiciam'
1147 2734 1340 2785 similia
1378 2734 1599 2785 addens:
1641 2752 1744 2802 quo
1778 2751 1886 2784 non
1919 2733 2187 2800 minuitur,

296 2822 383 2872 sed
426 2827 648 2889 augetur
672 2823 800 2873 fides
827 2823 937 2873 eius
970 2822 1032 2873 de
1065 2823 1265 2873 ceteris
1323 2820 1424 2873 Sed
1464 2840 1619 2890 quem
1653 2825 1862 2889 praeter
1886 2807 2186 2873 Lucretium

295 2911 559 2960 Catullum
625 2910 920 2979 Vergilium
984 2910 1265 2963 Horatium
1336 2910 1605 2962 Tibullum
1667 2910 1938 2962 Lucanum
2001 2907 2189 2961 Naevii

297 2997 452 3047 Ennii
489 2999 633 3049 Accii
675 3000 996 3050 carminibus
1022 3018 1311 3068 numquam
1337 3000 1613 3050 nominato
1643 3003 1854 3050 auctore
1889 3017 2041 3049 usum
2073 3016 2188 3049 esse

294 3091 436 3136 celto
485 3091 714 3154 constet,
763 3106 949 3138 eumne
998 3107 1121 3139 suae
1170 3088 1400 3139 fabricae
1449 3091 1748 3139 commenta
1801 3104 1894 3154 per
1949 3086 2186 3137 fraudem

294 3175 623 3225 immiscuisse
665 3175 780 3225 ideo
821 3177 1148 3245 putabimus,
1196 3177 1318 3245 quia
1357 3196 1465 3228 non
1506 3176 1749 3227 novimus
1790 3177 2052 3241 auctores,
2097 3177 2188 3224 aut

296 3263 417 3328 quia
458 3264 614 3328 paulo
656 3264 1001 3315 insolentior-a
1041 3284 1102 3315 ex
1150 3270 1299 3332 parte
1340 3271 1508 3316 metra
1549 3265 1709 3316 sunt?
1787 3263 1886 3315 Sed
1927 3280 1957 3312 a
1996 3261 2186 3313 Plauto

297 3355 424 3416 [piot
478 3370 816 3401 numermann
874 3353 1072 3417 species
1130 3354 1453 3404 abiudicaret
1509 3352 1802 3421 artigraphi
1862 3351 1964 3401 ista
2017 3351 2185 3403 nostri

300 3439 569 3503 severitas,
617 3440 718 3489 nisi
766 3439 902 3490 felici
952 3440 1062 3490 fato
1121 3446 1329 3507 praeter
1375 3442 1544 3492 frusta
1592 3441 1890 3491 fabularum
1931 3441 2012 3489 tot
2051 3438 2182 3489 inte-

299 3541 422 3590 grae
465 3530 723 3577 extarent!
784 3527 855 3578 Et
895 3528 1015 3594 quia
1058 3530 1196 3594 apud
1237 3528 1488 3581 Senecam
1530 3528 1785 3580 octonarii
1826 3527 2039 3578 iambici
2077 3544 2186 3577 non
