2294 3844
1016 195 1067 245 Q.
1102 193 1321 235 ENNIVS
2051 197 2120 249 55

1064 322 1117 374 II
1160 321 1279 393 (11.)

363 416 464 469 Sed
505 418 857 486 superstitiosi
899 422 1049 471 uates
1090 418 1515 489 {npudentesque
1557 421 1731 489 arioli,

360 512 472 566 Aut
510 514 707 565 inertes
748 518 840 566 aut
880 515 1054 566 insani
1096 518 1189 568 aut
1229 514 1425 585 quibus
1467 521 1676 585 egestus
1718 516 1971 587 imperat,

361 608 468 672 Qus
504 610 603 662 sibi
645 611 888 663 semitam
927 630 1038 664 non
1078 613 1317 682 sapiunt,
1358 614 1513 666 alteri
1552 615 1858 666 monstrzint
1898 617 2064 684 uiam,

212 706 319 759 275
359 704 564 768 Quibus
597 707 810 759 diuitias
843 708 1178 777 pollicentur,
1219 710 1285 761 ab
1327 710 1402 761 eis
1428 710 1735 762 draeumam
1769 709 1876 778 ipss
1912 715 2118 778 petunt.

363 800 461 872 [De
502 801 586 855 hss
613 803 812 855 diuitiis
853 801 955 856 sibi
982 805 1248 858 deducant
1273 806 1603 874 dracumam,
1643 806 1869 859 reddant
1903 807 2113 879 cetera]

1061 908 1142 961 III
1183 907 1266 980 (3)

361 1001 509 1054 More
559 1003 780 1073 antiquo
836 1002 1034 1058 audibo
1092 1009 1250 1075 atque
1300 1006 1442 1059 auris
1497 1004 1598 1058 tibi
1647 1009 1836 1059 contra
1888 1008 2115 1060 utendas

1351 1103 1504 1155 (labo.

357 1290 541 1345 Scsbas
567 1296 754 1346 natum
779 1294 1073 1363 ingenuum
1098 1294 1341 1364 Aiacem,
1381 1293 1471 1348 cul'
1493 1299 1550 1348 tu
1586 1296 1919 1348 obsidionem
1945 1315 2116 1365 paras.

1083 1391 1133 1443 V
1160 1389 1243 1461 (2)

354 1484 496 1538 Nam
551 1484 628 1538 sta
682 1487 813 1538 mihi
863 1487 1168 1539 Telamonis
1215 1488 1405 1556 patriS,
1462 1488 1549 1540 aui
1598 1487 1763 1541 Aeaci
1819 1491 1871 1541 et
1925 1489 2120 1558 proaul'

1344 1584 1489 1636 Iouis

205 1680 313 1732 280
353 1678 537 1732 Gratia
577 1683 745 1733 ecstet
784 1682 942 1750 atque
983 1681 1085 1733 hoc
1125 1682 1307 1733 lumen
1347 1681 1632 1734 candidum
1673 1682 1839 1734 claret
1879 1682 2009 1734 mihi

317 1842 363 1883 11
396 1842 562 1884 Cicero·
588 1842 643 1883 dc
676 1843 765 1884 diu.
801 1845 818 1882 Ι
853 1845 926 1894 58,
964 1845 1043 1884 132
1077 1847 1224 1883 ‘nunc
1257 1843 1338 1884 illa
1373 1845 1596 1890 testabor,
1638 1857 1726 1885 non
1761 1858 1828 1884 me
1862 1844 2111 1896 sortilegos

204 1912 350 1951 neque
392 1912 491 1950 eos,
533 1900 609 1953 qui
647 1903 866 1952 quaestus
907 1912 1048 1940 causa
1088 1900 1342 1941 ariolentur
1379 1932 1388 1942 .
1417 1932 1425 1941 .
1451 1932 1461 1942 .
1501 1913 1766 1953 agnoscere.
1829 1900 1928 1941 Non
1962 1901 2111 1942 habeo

205 1955 401 2007 denique
434 1958 572 1996 nauci
604 1957 805 1996 Marsum
837 1969 1073 2009 augurem,
1115 1970 1204 1998 non
1235 1958 1424 1999 uicanos
1466 1958 1727 2010 aruspices,
1767 1971 1856 1997 non
1898 1957 1952 1996 de
1986 1958 2110 1997 circo

205 2012 482 2065 astrologos,
524 2026 614 2053 non
652 2012 824 2053 Isiacos
864 2013 1170 2064 coniectores,
1213 2026 1303 2054 non
1342 2015 1618 2067 interpretes
1658 2014 1944 2054 somniorum.
2010 2014 2109 2053 Non

205 2069 325 2109 enim
357 2074 463 2108 sunt
494 2069 540 2109 hi
570 2072 650 2110 aut
681 2069 876 2110 scientia
911 2074 990 2110 aut
1023 2075 1123 2110 arte
1156 2070 1319 2120 diuini,
1353 2070 1446 2110 sed
1478 2070 1907 2123 superstitiosi'
1944 2084 1979 2110 e.
2005 2083 2046 2122 q.
2073 2083 2111 2111 s.

205 2126 375 2178 ‘Atque
416 2125 533 2166 haec
566 2125 747 2178 quidem
779 2126 974 2171 Ennius,
1008 2126 1084 2178 qui
1116 2127 1276 2179 paucis
1309 2130 1416 2166 ante
1448 2128 1656 2167 uersibus
1689 2139 1811 2166 esse
1843 2126 1973 2166 deos
2006 2139 2112 2166 cen-

203 2187 287 2230 set,
321 2181 415 2223 sed
448 2195 540 2223 eos
572 2195 677 2223 non
710 2195 906 2222 curare
941 2182 1225 2236 opinatur,
1261 2183 1393 2236 quid
1415 2187 1549 2235 agat
1579 2183 1869 2222 humanum
1902 2186 2109 2235 genus.’

202 2239 437 2279 Ennianos
468 2252 632 2279 uersus
664 2238 842 2280 demum
874 2252 900 2279 a
931 2240 1084 2280 uerbis
1125 2239 1234 2280 ‘sed
1266 2240 1599 2292 superstitiosi’
1641 2239 1844 2292 incipere
1879 2238 2112 2279 intellexit

205 2295 394 2336 Bothius
478 2295 550 2336 III
581 2296 696 2336 Non.
729 2297 832 2346 506,
868 2297 888 2335 1
924 2296 1155 2336 ‘audibo
1188 2309 1268 2349 pro
1301 2296 1498 2336 audiam.
1543 2296 1717 2336 Ennius
1749 2295 2054 2336 Telemonc..
2075 2299 2109 2336 .’

314 2353 378 2392 IV
420 2353 587 2393 Festus
629 2365 671 2405 p.
715 2354 793 2393 198
832 2354 894 2393 M.
938 2352 1316 2393 ‘obsidionem
1360 2353 1510 2405 potius
1551 2351 1794 2392 dicendum
1834 2364 1932 2392 esse
1976 2365 2110 2404 quam

202 2408 426 2449 obsidium
458 2409 648 2450 adiuuat
679 2422 760 2450 nos
782 2409 1048 2450 testimonio
1080 2421 1160 2449 suo
1182 2409 1359 2450 Ennius
1382 2410 1428 2448 in
1451 2408 1693 2449 Telamone
1716 2421 1848 2461 quom
1871 2409 1936 2448 ait
1960 2440 1969 2449 .
1989 2439 1997 2448 .
2017 2440 2026 2449 .
2041 2412 2052 2431 ’

205 2466 242 2504 V
271 2465 386 2506 Non.
409 2466 487 2514 85,
512 2468 565 2507 23
596 2465 833 2519 ‘claret‚
868 2466 994 2507 clara
1026 2470 1096 2506 est
1126 2465 1202 2506 uel
1235 2465 1410 2507 clareat
1440 2496 1477 2507 ..
1498 2496 1507 2507 .
1536 2466 1711 2505 Ennius
1735 2464 1985 2506 Telamone
2016 2469 2108 2507 ...’

346 2644 445 2691 272
486 2644 565 2690 sed
605 2649 763 2690 ulrum
802 2644 951 2690 Ennii
987 2648 1045 2690 sit
1084 2660 1148 2690 an
1190 2645 1456 2701 Ciceronis,
1499 2645 1713 2690 dubitari
1745 2649 1900 2701 potest
2011 2643 2109 2691 273

202 2722 278 2762 aut
314 2716 484 2774 insani,
525 2714 686 2776 quibus
726 2714 1041 2761 Hermannus
1083 2715 1256 2773 Opuse.
1310 2716 1408 2761 VII
1442 2715 1541 2761 379
1690 2713 1790 2760 275
1830 2713 2106 2759 dracumam:

205 2787 273 2845 ef.
313 2787 568 2832 Ritsehelii
603 2799 768 2844 opuse-
808 2786 865 2831 II
900 2785 1001 2832 469
1041 2800 1142 2846 sqq.
1194 2785 1413 2832 dracmam
1452 2783 1584 2831 Leid.
1622 2786 1661 2830 Α
1711 2784 1938 2845 dragmam
1977 2786 2105 2831 Leicl.

206 2850 280 2902 B²
333 2857 521 2903 Vindob.
552 2857 657 2902 Erl.
699 2855 949 2901 drachmam
977 2857 1107 2902 Leid.
1138 2850 1216 2901 B2
1338 2858 1535 2903 Versum
1575 2855 1674 2902 276
1714 2870 1807 2901 non
1839 2858 1978 2914 potui
2002 2856 2113 2900 milei

197 2929 502 2986 persuadere
539 2928 598 2971 ab
639 2927 793 2972 Ennio
824 2930 988 2985 potius
1020 2928 1266 2986 prioribus
1304 2929 1581 2972 adiunctum
1620 2941 1762 2986 quam
1798 2929 1993 2972 lectoris
2022 2927 2109 2970 ali-

202 3001 339 3044 cuius
373 2999 581 3044 lasciuia
621 2999 876 3055 confictum
914 3011 1019 3043 esse
1126 2997 1409 3043 drachumam
1437 2998 1567 3043 Leicl.
1600 2991 1714 3042 ΑΒ1
1769 2997 1960 3042 Vindob.
1987 3012 2046 3041 m.
2080 2996 2104 3041 1

203 3069 423 3114 dracmam
477 3069 665 3114 Vindob.
694 3083 751 3112 m.
783 3067 811 3112 2
852 3067 1079 3128 dragmam
1119 3068 1249 3114 Leid.
1291 3062 1365 3112 B2
1404 3069 1509 3114 Erl.
1551 3068 1802 3113 drachmam
1842 3069 1984 3126 uulgo

204 3139 303 3185 277
344 3145 478 3199 atque
506 3139 675 3184 Bamb.
717 3151 862 3198 neque
900 3141 1051 3184 ceteri
1073 3139 1186 3184 libri
1292 3138 1484 3184 utendos
1517 3139 1684 3184 Bamb.
1799 3144 1846 3181 tu
1884 3136 1942 3181 ihi
1982 3151 2021 3182 c.
2061 3150 2104 3180 u,

204 3209 307 3255 (lato
335 3209 388 3254 L.
415 3210 623 3255 Mueller
658 3223 771 3254 ann.
811 3210 992 3266 philoll.
1036 3208 1169 3255 1867
1204 3224 1254 3267 p.
1281 3207 1382 3255 495
1416 3214 1623 3267 praeter
1668 3210 2001 3253 necessitatem

205 3279 304 3325 279
344 3279 595 3325 Telamonis
641 3281 807 3339 patris,
857 3280 928 3324 aui
967 3280 1098 3324 Aeaci
1138 3280 1382 3339 Berylcius
1419 3280 1544 3325 Mus.
1588 3279 1742 3324 Rlien.
1784 3276 1916 3322 1835
1953 3291 1999 3334 p.
2042 3275 2104 3320 73

204 3349 460 3395 Telamonis
499 3351 639 3410 patris
683 3349 905 3410 atquefaci
940 3351 1055 3396 libri
1091 3349 1140 3394 Τ.
1179 3364 1222 3409 p.
1264 3349 1398 3395 facies
1439 3350 1631 3395 Grotius
1676 3348 1814 3408 patris
1854 3346 2105 3390 Telamonis

206 3419 339 3464 facies
378 3421 693 3466 Hermannus
836 3419 938 3467 280
985 3420 1128 3480 gratia
1177 3433 1226 3464 ea
1274 3426 1344 3465 cst
1379 3421 1493 3466 libri
1536 3419 1678 3480 gratia
1725 3416 1840 3461 adsit
1878 3418 1954 3461 uel
1988 3421 2106 3460 astet

206 3490 559 3548 Buechelerus,
598 3494 682 3551 qui
710 3492 825 3536 uidit
850 3490 990 3536 claret
1015 3493 1371 3537 coniunctiuum
1409 3502 1511 3536 esse
1549 3489 1692 3548 gratia
1730 3493 1856 3547 grata
1888 3491 1958 3532 est
1985 3486 2102 3531 Gro-

205 3563 299 3606 tius
336 3566 461 3620 grata
498 3567 567 3608 est
604 3562 748 3622 gratia
785 3562 1100 3607 Her-mannus
