2294 3844
984 274 1043 313 M.
1078 274 1376 314 Ponvws
2033 271 2128 321 1⁶29

908 403 1142 455 XXVIII
1190 403 1335 458 (Dul.
1380 404 1436 472 6)

363 502 605 553 Priamus
648 502 691 551 si
732 500 961 567 adesset,
1004 499 1116 568 ipse
1159 501 1269 550 eius
1312 499 1810 550 connniseresceret.

996 596 1177 647 XXIX
1221 593 1341 665 (31)

366 696 630 757 Quoniam
664 696 751 747 illc
786 693 1012 760 interiit,
1054 693 1335 760 nuperium
1362 690 1544 742 Cefalo
1572 692 1946 742 transmissum
1973 693 2052 742 e'st-
2085 734 2093 742 .
2122 734 2130 741 .

938 789 1090 841 XXX
1136 787 1317 858 (Teuc.
1360 786 1416 857 2)

367 885 630 957 Alcy'onis
671 889 777 938 ritu
818 885 945 937 litus
985 886 1309 954 pei-uolgum
1352 887 1506 935 seror.

1088 980 1271 1033 XXXI

368 1081 584 1134 ‘Omnes
625 1082 881 1148 latebras,
923 1080 1135 1131 subluta
1178 1078 1315 1128 mole
1360 1075 1583 1147 [Omnes]
1629 1078 1905 1130 abstrusos
1948 1079 2094 1129 sinus

995 1174 1207 1227 XXXII
1250 1172 1369 1243 (16)

224 1275 330 1327 395
372 1274 508 1336 Quid
549 1275 668 1325 me'd
711 1274 902 1325 obtutu
942 1274 1132 1339 terres,
1172 1271 1371 1322 mulces
1414 1271 1695 1322 laudibus?

334 1439 530 1478 XXVIII
563 1437 749 1477 Seruius
780 1438 826 1476 in
858 1436 969 1476 Aen.
1003 1436 1067 1475 XI
1090 1437 1171 1475 259
1206 1433 1305 1474 ‘uel
1328 1434 1507 1473 Priamo
1540 1434 1799 1474 miseranda
1829 1432 2008 1486 manus]
2034 1466 2070 1474 ..
2091 1466 2100 1475 .
2119 1466 2128 1475 .

222 1500 292 1536 est
323 1500 475 1536 autem
507 1495 703 1534 Pacuuii
735 1495 810 1546 qui
844 1494 910 1532 ait
940 1524 949 1533 .
976 1524 984 1531 .
1013 1496 1047 1533 .’
1097 1492 1168 1531 Cf.
1203 1490 1357 1531 Ouidii
1388 1495 1565 1530 metam.
1599 1491 1706 1530 XIV
1728 1493 1812 1530 474
1842 1492 2134 1543 naufragium

223 1552 509 1593 redeuntium
543 1551 816 1591 Achiuorum
859 1550 1109 1589 narrantis:
1160 1548 1386 1588 ‘Graecia
1429 1552 1522 1587 tum
1565 1548 1712 1600 potuit
1746 1548 1925 1587 Priamo
1960 1561 2134 1599 quoque

220 1609 373 1649 flenda
403 1608 603 1657 uideri⁷;
639 1611 684 1647 et
717 1608 921 1648 Senecae
954 1607 1114 1657 Agam.
1139 1607 1218 1645 521
1254 1603 1491 1644 ‘cladibus
1523 1604 1693 1644 nostris
1725 1604 1857 1643 daret
1878 1603 1964 1644 Vel
1995 1605 2134 1644 Troia

220 1666 493 1715 lacrimas’;
527 1665 721 1716 denique
755 1663 959 1704 Terentii
990 1662 1089 1703 hec.
1122 1662 1144 1701 Ι
1177 1664 1223 1712 2,
1256 1664 1309 1702 53
1345 1665 1419 1700 ‘ut
1449 1663 1596 1713 ipsam
1631 1660 1931 1710 Bacchidem,
1971 1661 2017 1701 Si
2058 1661 2136 1700 ad-

225 1728 372 1773 esset,
408 1721 542 1762 credo
582 1721 647 1760 ibi
684 1723 779 1762 eius
813 1721 1266 1761 comn·1iseresceret.'
1391 1717 1542 1757 XXIX
1575 1717 1891 1770 Philargyrius
1923 1718 1969 1756 in
1999 1718 2135 1769 Verg.

225 1779 304 1820 Ge.
337 1780 401 1819 IV
431 1780 514 1820 437
548 1778 837 1830 ‘quoniam
871 1790 951 1829 pro
985 1779 1263 1829 postquam.'
1381 1774 1509 1814 XXX
1540 1775 1685 1814 Varro
1729 1774 1783 1814 de
1818 1774 1844 1815 1.
1879 1775 1933 1815 L.
1968 1773 2051 1812 V11
2081 1775 2135 1814 88

220 1837 280 1876 Μ.
320 1837 472 1889 ‘origo
503 1836 551 1874 in
581 1835 654 1874 his
685 1835 891 1874 omnibus
926 1834 1122 1879 Graeca,
1161 1836 1212 1871 ut
1250 1831 1370 1884 quod
1407 1831 1529 1883 apud
1560 1831 1807 1872 Pacuium’
1849 1830 1934 1881 (sic
1965 1828 2132 1881 Flor.):

225 1892 489 1945 ‘alcyonis’
525 1905 562 1931 e.
588 1906 628 1944 q.
654 1904 688 1931 s.
744 1891 888 1930 ‘haec
921 1891 1039 1930 enim
1071 1890 1172 1929 auis
1204 1902 1323 1928 nunc
1355 1886 1531 1928 Graece
1563 1887 1730 1928 dicitur
1762 1879 1965 1933 ἀλκυών,
2000 1901 2026 1926 a
2058 1900 2136 1926 no-

224 1950 330 1989 stris
371 1948 590 1996 alcedo;
629 1948 746 1987 haec
787 1947 934 1986 hieme
976 1946 1093 1998 quod
1133 1945 1283 1998 pullos
1323 1945 1490 1984 dicitur
1528 1944 1776 1997 tranquillo
1815 1944 1931 1983 mari
1964 1944 2131 1991 facere,

227 2019 302 2046 eos
336 2005 434 2045 dies
466 2004 701 2056 alcyonios
732 2004 989 2056 appellant.
1033 2002 1165 2054 Quod
1198 2007 1268 2042 est
1298 2002 1345 2041 in
1367 2014 1502 2042 uersu
1536 2001 1794 2052 alcyonis
1827 2000 1957 2050 ritu,
1989 2000 2035 2039 id
2066 2005 2134 2039 est

225 2063 322 2102 eius
354 2061 601 2101 instituto.’
655 2061 713 2102 cf.
747 2059 1023 2100 Ritschelius
1056 2072 1210 2111 opusc.
1245 2059 1290 2098 11
1322 2060 1417 2099 500.
1513 2057 1772 2110 Deiphilum
1807 2057 1983 2097 conieci
2015 2057 2131 2096 haec

223 2120 271 2157 in
309 2119 461 2159 Iliona
502 2122 709 2169 questum
750 2129 866 2158 esse.
1040 2115 1191 2155 XXXI
1232 2110 1478 2155 Suetonius
1518 2114 1639 2166 apud
1678 2114 1898 2154 Isidorum
1937 2115 1991 2152 de
2031 2118 2130 2152 nat.

225 2188 371 2215 rerum
402 2177 457 2214 44
494 2188 536 2226 p.
570 2177 622 2215 73
664 2173 731 2213 ed.
768 2173 818 2213 G.
854 2172 1028 2213 Becker
1067 2170 1135 2221 (in
1176 2171 1387 2211 Suetonii
1426 2170 1555 2222 reliq.
1590 2171 1656 2211 ed.
1691 2184 1717 2209 a
1750 2169 2134 2210 Reifferscheidio

225 2245 266 2284 p.
290 2232 387 2282 243)
423 2232 625 2270 ‘moles
659 2243 773 2282 quae
799 2230 999 2269 eminent
1023 2233 1068 2268 et
1090 2231 1359 2280 procurrunt
1380 2228 1509 2277 mari,
1543 2227 1597 2266 de
1631 2227 1794 2278 quibus
1821 2227 2133 2266 Pacuuius’

227 2289 521 2340 (facubius
561 2288 720 2330 Bamb.
760 2288 797 2326 A
830 2287 962 2327 ssrux.
1008 2285 1311 2332 fausstcubius
1350 2283 1482 2323 Bern.
1515 2284 1557 2322 M
1601 2282 1917 2322 Faucwulius
1956 2281 2134 2333 Bodl.):

228 2348 434 2385 ‘onmes'
469 2358 507 2384 e.
532 2358 572 2396 q.
596 2357 629 2383 s,
683 2343 858 2383 Ilionae
891 2342 1033 2382 tribui
1067 2340 1300 2381 ariolando
1332 2340 1411 2391 (cf.
1445 2340 1532 2381 inc.
1565 2339 1757 2379 ine.fab.
1790 2339 1992 2389 XLIII),
2026 2339 2136 2377 item

226 2402 280 2441 fr.
313 2401 487 2441 XXXII
526 2408 571 2441 et
607 2399 809 2453 Bergkio
852 2404 1038 2439 auctore
1071 2397 1285 2437 XXXIII.
1404 2395 1580 2437 XXXII
1610 2395 1745 2436 Pauli
1776 2396 1942 2435 Festus
1975 2409 2015 2448 p.
2051 2396 2132 2434 144

225 2457 285 2498 M.
322 2458 591 2498 ‘mulcere
627 2458 745 2497 enim
777 2455 952 2496 mollire
985 2456 1082 2495 siue
1116 2455 1260 2494 lenire
1295 2456 1396 2493 est.’

370 2652 467 2698 391
509 2652 710 2697 Priamus
749 2653 786 2696 si
825 2650 1026 2708 adesset,
1068 2651 1161 2710 ipse
1189 2648 1394 2695 Botkius
1433 2649 1469 2692 si
1505 2646 1704 2692 Priamus
1744 2647 1920 2692 adesset
1959 2654 2004 2692 et
2039 2649 2136 2708 ipse

229 2725 433 2770 Seruius
542 2723 641 2770 392
681 2723 836 2767 interit
863 2724 1166 2780 exemplaria
1277 2719 1426 2765 Cesalo
1458 2720 1734 2764 dubitanter
1767 2721 1931 2776 posui.-
1969 2721 2136 2763 saltem

224 2797 427 2853 propius
465 2811 492 2838 a
531 2797 704 2839 litteris
744 2794 933 2838 traditis
970 2792 1112 2837 caleso
1141 2792 1274 2837 abest
1312 2805 1453 2850 quam
1493 2789 1663 2834 Heleno
1692 2791 1818 2849 quod
1846 2790 1950 2834 olim
1990 2803 2138 2835 ausus

229 2879 374 2910 eram.
408 2865 605 2925 Telepho
635 2865 827 2910 Grotius
852 2865 976 2909 Bibl.
1005 2866 1111 2908 crit.
1141 2876 1250 2907 nou.
1278 2861 1370 2906 IV.
1429 2861 1541 2905 Fuit
1579 2863 1719 2905 etiam
1757 2863 1841 2917 qui
1875 2862 1923 2904 in
1961 2859 2135 2904 Halaesi

229 2949 395 2982 nomen
422 2937 670 2982 incideret.
804 2934 903 2980 393
944 2934 1128 2979 ulcionis
1155 2934 1289 2981 Flor.
1331 2932 1530 2976 alt-nonis
1557 2933 1753 2989 scripsit
1780 2930 2029 2975 Pacuuius

227 3006 467 3066 peruolans
503 3007 621 3051 Par.
661 3022 717 3065 (ι,
755 3007 925 3052 Iunius
960 3006 1212 3049 Animadu.
1256 3004 1322 3049 VI
1348 3001 1409 3047 12
1557 3001 1679 3046 seror
1727 3001 1966 3047 Victorius
2010 3000 2137 3045 furor

230 3076 372 3138 (soror
405 3092 464 3122 m.
504 3078 529 3121 1
567 3074 719 3138 Flor.)
756 3079 868 3122 libri
1010 3073 1110 3121 394
1149 3073 1326 3118 subluta
1366 3072 1483 3117 mole
1534 3074 1723 3130 scripsi.
1773 3066 1953 3116 sublffto
1993 3071 2135 3116 molae

229 3147 364 3204 (mole
403 3149 551 3194 Bern.
589 3148 660 3205 M)
696 3148 864 3193 Bamb.
901 3148 941 3191 Α
977 3146 1128 3190 Bern.
1165 3145 1221 3189 M
1254 3143 1336 3189 sub
1375 3143 1468 3188 leto
1508 3141 1626 3186 mole
1665 3142 1819 3188 Basil.
1850 3140 1949 3198 CD,
1982 3141 2130 3185 Bern.

215 3218 275 3261 ‘F
309 3217 516 3263 sublaetu
554 3219 672 3264 mole
699 3219 838 3264 Bodl.
879 3216 961 3261 sub
1010 3216 1095 3260 lata
1137 3215 1253 3260 mole
1289 3216 1530 3261 Areuulus
1569 3210 1739 3257 obiecta
1779 3212 1896 3257 mole
1935 3211 2137 3257 Rothius

232 3287 426 3333 subeunt
462 3289 566 3333 laeti
616 3303 673 3333 m.
720 3288 770 3333 0.
809 3289 1073 3334 Muellerus
1121 3284 1254 3330 subiit
1303 3292 1437 3344 atque
1483 3282 1667 3327 molium
1715 3283 2136 3342 Lanyensiepenus

231 3361 355 3404 Mus,
385 3360 538 3405 Rlzen.
582 3360 621 3405 V
636 3375 687 3418 p.
718 3358 816 3404 247
954 3359 1197 3404 Caesarue
1237 3369 1387 3402 causa
1429 3366 1582 3399 omnes
1621 3356 1824 3410 inserui,
1876 3367 1982 3396 cum
2029 3353 2134 3396 olim

233 3444 377 3474 unum
424 3432 483 3475 ab
528 3433 659 3476 initio
707 3431 987 3476 trochaeum
1025 3430 1188 3474 deesse
1225 3429 1510 3472 statuissem.
1645 3423 1875 3467 abstrusos
1914 3422 2132 3480 Lanqen-

233 3502 454 3557 siepenus
491 3499 719 3545 abstrusas
760 3502 926 3546 Bamb.
963 3501 1009 3544 B
1046 3500 1196 3543 Bern.
1234 3497 1291 3541 M
1324 3498 1483 3541 Bruae.
1524 3495 1662 3539 Bodl.
1709 3492 1938 3536 obstrusas
1978 3492 2133 3536 Basil.

236 3569 314 3614 OD
362 3569 567 3615 obtrusas
614 3573 694 3616 uel
744 3570 926 3616 obrutas
965 3571 1210 3615 Areualus
1247 3567 1455 3613 obstruas
1494 3566 1616 3609 sinus
1655 3562 1858 3607 Rothius
2009 3562 2132 3606 sinus

234 3643 389 3697 spatio
427 3646 535 3686 ante
575 3643 742 3687 relicto
782 3643 846 3686 cccl
882 3643 1128 3700 sequentia
1170 3642 1372 3684 relatum
1410 3640 1457 3680 in
1500 3634 1667 3678 Bamb.
1695 3632 1735 3676 Α
1767 3632 1915 3676 Bern.
1943 3631 1999 3676 M
2033 3632 2131 3676 sinu

318 3728 508 3766 ΒΓΒΒΕΟΚ,
535 3729 665 3760 Scaeu.
691 3728 824 3767 fragm.
1755 3735 1779 3770 9
