2299 3839
214 215 317 266 212
1004 215 1057 257 L.
1090 214 1304 253 ATTiVs

361 344 657 396 Flammiim
697 345 871 396 citatis
912 344 1118 395 feruido
1160 343 1346 395 ardore
1388 342 1650 410 explicas,

363 440 625 502 Quianaim
666 445 775 491 tam
817 439 1039 491 aduerso
1081 439 1304 507 augurio
1346 442 1398 489 et
1437 438 1651 489 inimico
1693 438 1869 488 omine

365 535 525 588 Tebl‘s
565 537 828 587 radiatum
869 537 1049 586 himen
1090 535 1328 586 ostentus
1368 536 1521 584 tuum
1561 533 1667 583 ——‘?

1057 630 1110 682 ΙΙ
1153 628 1272 700 (10)

217 730 323 780 585
363 728 442 779 Ibi
484 728 589 795 fiis,
628 728 699 778 ibi
741 730 987 778 cunctam
1028 724 1305 794 antiquam
1347 725 1721 776 castitiidinem

368 917 836 986 Vicissitatenique
878 917 1204 986 inperitandi
1243 917 1476 969 mididit.

368 1152 746 1163 ......
809 1129 875 1162 ne
915 1111 1107 1162 horum
1149 1107 1380 1160 diuidiae
1422 1109 1714 1160 discordiae

367 1206 646 1274 Dissipcnt
685 1207 987 1258 disturbent
1025 1209 1206 1257 tantas
1248 1207 1300 1256 e't
1338 1208 1450 1256 tam
1491 1205 1696 1273 opimas
1737 1203 1934 1255 ciuium

363 1300 595 1355 Diuitias

222 1474 328 1526 590
367 1471 541 1524 Natus
582 1472 660 1523 uti
698 1475 812 1523 tute
854 1473 1121 1540 sceptrum
1161 1474 1434 1540 poteretur
1473 1471 1642 1539 patris

227 1599 326 1639 simi
358 1629 479 1638 .....
494 1602 506 1621 ’
541 1596 839 1648 (foenissis
871 1596 973 1639 Par.
1007 1597 1267 1649 phenisis
1291 1598 1393 1638 Vat.
1426 1595 1715 1648 phoenisis
1739 1595 1926 1639 Leid,V
1958 1595 2125 1648 phoe-

216 1656 393 1695 nissis
427 1654 586 1705 ceteri)
613 1652 824 1693 Versibus
846 1654 925 1693 581
952 1658 997 1693 et
1018 1654 1098 1693 582
1123 1653 1342 1705 Apuleius
1368 1665 1546 1704 quoque
1570 1664 1658 1691 non
1681 1654 1914 1692 nominato
1941 1656 2122 1691 auctore

220 1720 343 1761 (nam
379 1711 540 1750 lacuna
573 1709 900 1762 praecedentia
930 1710 1098 1749 hausta
1130 1708 1253 1761 sunt)
1284 1710 1428 1749 utitur
1458 1709 1503 1747 in
1535 1708 1781 1748 Florid.11
1819 1710 1866 1748 10
1898 1722 1940 1761 p.
1965 1710 2016 1748 13
2048 1708 2126 1747 Kr.

334 1767 579 1807 Translata
613 1772 718 1806 sunt
753 1779 807 1806 ex
840 1765 1075 1819 Euripidis
1105 1766 1277 1808 Phoen.
1309 1765 1496 1818 piologo
1529 1764 1689 1816 (u.1)·

557 1826 591 1876 ὦ
622 1830 712 1906 τὴν
746 1828 796 1876 ἐν
828 1827 1018 1900 ἄστροις
1051 1827 1258 1904 ουρανοῦ
1290 1833 1470 1888 τέμνων
1501 1830 1618 1876 ὁδὸν

555 1890 638 1932 καὶ
670 1887 1118 1946 χρυσοκολλήτοισιν
1151 1874 1358 1961 ἐμβεβώς
1390 1891 1582 1943 δίφροις

541 1941 707 2015 Ηλιε,
741 1950 890 1996 θοαῖς
921 1948 1139 1990 ἵπποισιν
1170 1945 1385 1990 εἱλίσσων
1418 1944 1596 2014 φλόγα,

557 2001 619 2053 ὡς
653 1981 865 2073 δυστυχῆ
897 2000 1103 2058 Θήβαισι
1134 2003 1190 2059 τῇ
1223 1998 1337 2046 τόθ’
1369 1998 1523 2058 ἡμέρα

555 2054 694 2102 ακτῖν
749 2055 935 2115 ἐφῆκας
965 2076 1007 2102 κ.
1041 2076 1079 2102 τ.
1113 2064 1151 2102 λ.

335 2134 379 2175 11
410 2134 612 2178 Non.85,
638 2135 689 2173 10
721 2133 1160 2173 ‘castitudinem
1192 2146 1271 2184 pro
1305 2134 1552 2173 castitate.’
1587 2131 1668 2183 (in
1702 2133 1940 2185 erigona
1969 2132 2127 2173 Vrbin.

219 2194 323 2232 307:
361 2191 566 2243 sequitur
598 2190 754 2229 statim
786 2202 821 2232 s.
853 2203 894 2230 u.
937 2190 1256 2229 ‘comitasset’
1300 2203 1352 2228 ex
1385 2189 1585 2241 Erigona
1623 2188 1770 2240 locus)
1914 2189 1983 2229 III
2012 2189 2126 2232 Non,

220 2246 868 2298 185,18‘uicissitatem
901 2258 982 2299 pro
1013 2242 1348 2287 uicissitudine.
1356 2249 1369 2268 '
1418 2245 1821 2294 (uicissitatim
1852 2245 2030 2294 Bamb.)

219 2304 280 2343 IV
315 2279 1059 2352 ’Non.101,19‘diuidae‚ut
1090 2302 1430 2342 dissensiones.'
1478 2301 1765 2353 (diuidiae
1806 2301 1875 2345 ed.
1909 2302 2017 2342 1526

221 2359 492 2400 Foenisis
523 2358 703 2410 Bamb.)
820 2361 860 2400 V
890 2359 1003 2399 Non.
1025 2360 1122 2409 481,
1146 2361 1200 2399 30
1232 2358 1544 2417 ‘sicnpotior
1574 2357 1701 2398 illam
1733 2371 1823 2398 rem
1856 2371 1938 2410 pro
1968 2357 2050 2397 illa
2081 2371 2146 2406 re,

222 2508 508 2552 Priscianus
546 2506 806 2551 candentem
851 2505 1025 2552 feruido
1064 2520 1198 2550 cursu
1237 2506 1491 2565 Apuleius,
1543 2509 1637 2551 nisi
1673 2507 1800 2565 quod
1843 2506 2128 2565 punicantem

222 2577 251 2621 s.
291 2591 329 2622 c.
370 2579 592 2635 antiquos
634 2577 744 2635 fere
792 2579 980 2622 codices
1017 2577 1194 2621 habere
1244 2581 1449 2621 testatur
1487 2576 1815 2622 Beeiclzemus.
1866 2575 2128 2625 candentem

220 2646 375 2707 perdio
415 2649 491 2692 uel
517 2648 672 2706 peruio
712 2660 845 2691 cursu
871 2646 1236 2692 Hildebranclus
1353 2645 1452 2693 583
1494 2641 1721 2708 quianam]
1765 2646 1832 2705 cf.
1863 2647 2128 2692 Lachman-

221 2731 312 2762 nus
349 2721 397 2762 in
436 2717 583 2762 Luer.
611 2717 641 2762 Ι
664 2716 762 2763 599
804 2718 998 2776 quianim
1039 2718 1140 2763 Vat.
1285 2724 1330 2762 et
1363 2731 1616 2776 suprascr.
1645 2717 1762 2762 Par.
1790 2717 1835 2760 R
1981 2718 2128 2762 omine

221 2788 419 2844 (homine
449 2786 572 2843 Vat.)
609 2788 684 2832 hic
723 2791 941 2833 omissum
980 2803 1025 2833 u.
1065 2787 1164 2834 584
1198 2794 1309 2847 post
1349 2794 1474 2832 tuum
1511 2788 1687 2833 liabent
1711 2788 1858 2833 Parr.
1889 2787 1978 2834 AR
2021 2788 2125 2833 Vat.

222 2858 353 2902 Leid.
394 2858 436 2900 V
539 2857 639 2903 584
680 2857 796 2902 tehis
822 2859 940 2903 Par.
971 2859 1011 2902 A
1051 2858 1195 2903 thebis
1235 2861 1387 2903 ceteri
1494 2864 1692 2903 ostentas
1732 2864 1843 2903 ante
1877 2859 2129 2903 Krelzlium

224 2929 450 2973 Heinsius
488 2934 717 2972 ostentum
757 2929 890 2985 libri,
934 2929 1176 2989 Berylcius
1212 2929 1338 2974 Mus,
1377 2929 1534 2974 Rhen.
1575 2927 1709 2974 1835
1742 2944 1791 2987 p.
1823 2928 1888 2975 88
1928 2927 2128 2974 ostendis

224 2999 448 3043 editiones
474 3001 793 3057 interpolatae
832 3001 1021 3044 ostensti
1062 3000 1268 3057 PossiuS,
1305 2999 1522 3058 fortasse
1549 3005 1680 3044 recte
1708 2998 1792 3059 (cf.
1824 3000 1981 3044 occisti
2005 2999 2126 3044 Pac.

225 3067 344 3126 321)
489 3067 588 3113 586
630 3068 786 3113 tradidi
825 3073 944 3114 coni.
977 3070 1172 3115 Grotius
1212 3071 1334 3115 Bibl.
1375 3072 1480 3114 crit.
1522 3084 1630 3114 nou.
1662 3068 1741 3114 IV
1882 3068 1981 3116 587
2022 3082 2128 3113 neo-

224 3152 322 3182 rum
351 3138 517 3183 Bamb.
637 3139 735 3184 587
766 3152 834 3199 sq.
863 3141 1230 3185 Fleckeisenum
1268 3154 1394 3186 nunc
1432 3146 1630 3185 secutus
1667 3142 1985 3198 septenarios,
2024 3141 2129 3184 olim

219 3222 325 3253 cum
370 3209 537 3254 Bothio
586 3212 806 3254 senarios
854 3211 1082 3268 discripsi
1257 3209 1449 3255 diuidiae
1493 3208 1742 3254 discordiae
1779 3210 2126 3255 Fleckeisenus

225 3278 397 3323 diuidae
436 3286 481 3323 et
519 3278 765 3324 discordiae
803 3281 916 3325 libri
951 3280 1141 3325 diuidiae
1181 3279 1409 3326 discordes
1450 3279 1672 3338 Scaliyer
1698 3279 1826 3324 Coni.
1860 3294 1909 3337 p.
1939 3279 2002 3325 75
2040 3279 2130 3324 (lis-

226 3348 404 3394 cordiae
447 3355 490 3393 et
529 3348 721 3394 diuidiae
763 3349 963 3395 Bolkius
1109 3350 1209 3397 588
1248 3349 1503 3395 disturbent
1542 3349 1760 3408 Scaliyer
1797 3356 1842 3393 et
1878 3348 2131 3394 disturbent

224 3419 338 3463 libri
480 3426 523 3463 et
563 3414 674 3481 tarn]
718 3425 895 3480 tamque
932 3423 1087 3466 malim
1232 3428 1317 3465 tam
1357 3421 1525 3480 opimas
1563 3433 1645 3465 ms.
1685 3420 1857 3472 Fabri,
1897 3420 2129 3480 Scaliyer,

227 3488 416 3546 Lipsius
442 3490 553 3533 Ant.
583 3489 712 3534 Lect.
746 3489 828 3534 IV
853 3491 916 3536 18
956 3492 1040 3534 iam
1080 3493 1270 3551 optimas
1299 3494 1450 3536 ceteri
1482 3491 1594 3535 libri
1723 3489 1921 3549 quiuium
1961 3491 2129 3535 Bamb.

333 3558 437 3605 590
475 3560 541 3603 uti
581 3566 677 3604 tute
716 3559 921 3606 Bothius
959 3568 1006 3605 ut
1048 3569 1142 3606 tute
1178 3563 1289 3607 libri
1324 3562 1493 3605 uirtute
1519 3561 1687 3606 Iunius
1794 3567 2041 3625 screptrum
2074 3560 2135 3607 W
