2294 3844
187 255 288 305 1154
981 251 1031 291 o,
1070 248 1286 291 A‘rrlvs

1082 378 1195 431 IXb

186 479 294 529 215
332 478 411 529 sld
454 479 597 547 quod
638 479 791 530 inulti
832 475 1112 528 inuideant
1150 476 1408 543 multique
1450 476 1704 543 expetant
1742 473 2010 526 inscitiast

332 575 637 643 Postularc,
677 573 781 626 nisi
823 574 1060 625 laborem
1102 576 1308 623 summa
1349 589 1469 623 cum
1510 589 1635 623 cura
1676 570 1892 622 ecferas.

334 774 415 825 Ne
458 779 576 826 cuin
618 777 849 842 tyranno
893 771 1176 841 qussquam
1216 771 1466 840 epulandi
1506 772 1681 840 grzitia

334 870 637 921 Accumbat
676 888 915 920 inensam
956 872 1047 920 aut
1089 868 1311 920 eundem
1350 870 1598 919 uescattir
1639 868 1843 935 dapem.

1035 972 1114 1023 XI
1185 975 1209 1024 1

332 1070 628 1138 Epist-[trum
667 1071 843 1138 fictor,
884 970 1363 1120 scelerum<fgatris
1405 1068 1609 1119 delitor.

1014 1171 1120 1223 XII
1162 1169 1244 1242 (2)

180 1272 288 1322 220
1397 1268 1687 1336 concoquit

330 1365 544 1417 Partem
583 1384 783 1434 uapore
824 1365 1092 1434 flammae,
1131 1364 1347 1416 ueribus
1388 1362 1447 1415 1‘11
1485 1364 1607 1417 foco

330 1462 553 1514 Lacerta
594 1463 798 1514 tribuit.

182 1581 263 1621 sed
293 1585 343 1620 ut
374 1594 456 1621 nos
489 1584 533 1621 et
563 1584 739 1621 nostros
771 1579 938 1620 liberos
979 1579 1035 1619 ad
1065 1579 1269 1619 laborem
1313 1584 1357 1620 et
1391 1579 1448 1619 ad
1481 1578 1664 1619 laudem
1697 1580 1939 1622 excitaret.
1944 1582 1957 1602 ²
2019 1579 2092 1620 Cf.

183 1637 402 1677 Uundeli
441 1637 623 1690 Pr.01eg
665 1651 708 1689 p.
749 1637 876 1676 LVII
907 1649 1007 1689 sqq
1077 1636 1251 1676 Eodem
1292 1636 1544 1677 Garatonio
1585 1637 1629 1676 in
1668 1637 1795 1677 Verr.
1835 1636 1877 1676 V
1916 1637 1991 1688 71,
2018 1637 2094 1676 181

183 1696 345 1734 Cicero
377 1693 561 1733 uidetu1
592 1694 865 1746 lespexisse.
908 1694 976 1732 Ex
1005 1693 1145 1732 Atreo
1176 1696 1227 1732 ut
1257 1692 1327 1732 ΙΙΙ
1358 1693 1506 1756 petita
1538 1693 1740 1733 coniecit
1760 1692 1988 1735 Halmius.
2020 1691 2090 1732 Cf.

183 1765 236 1790 ex
275 1751 508 1813 Euiipidis
550 1749 730 1790 Cressis
769 1751 824 1790 fr.
867 1751 950 1789 464
988 1763 1074 1790 ουκ
1113 1762 1174 1789 αν
1221 1741 1393 1790 δύναιο
1440 1742 1502 1801 μή
1552 1742 1717 1803 καμὼν
1765 1741 2092 1819 efiffatumovsffv,

183 1800 385 1869 Αἰσχρόν
415 1819 465 1847 τε
495 1806 701 1874 μοχθεῖν
743 1801 806 1860 μὴ
839 1804 1007 1846 θέλειν
1048 1804 1271 1856 νεανίαν,
1313 1809 1358 1845 et
1389 1806 1578 1857 Thyest.
1619 1806 1674 1849 fr
1707 1807 1788 1846 396
1823 1801 1866 1846 εἰ
1899 1799 1948 1845 δ’
1981 1818 2094 1855 ατερ

179 1857 340 1904 πόνων
372 1865 547 1910 Δοκεῖς
580 1859 800 1913 ἔσεσθαι,
840 1861 993 1915 μῶρος
1028 1857 1093 1915 εἶ,
1134 1858 1317 1916 θνητὸς
1359 1858 1519 1915 γεγώς.
1673 1863 1716 1903 Χ
1745 1862 1861 1902 Non.
1893 1863 1999 1913 415,
2043 1863 2097 1902 25

183 1921 363 1960 116361
396 1924 466 1960 est
499 1919 629 1959 edere
661 1951 669 1959 .
695 1951 705 1960 .
735 1923 768 1958 .’
904 1919 968 1958 XI
999 1920 1264 1960 Priscianus
1298 1919 1358 1958 IX
1391 1932 1432 1971 p.
1463 1920 1546 1960 873
1580 1919 1630 1959 P.
1677 1923 1729 1958 ‘a
1762 1918 1893 1959 deleo
1922 1948 1962 1959 ..
1979 1918 2095 1958 .-de

180 1977 346 2027 letum,
389 1990 416 2015 a
449 1976 602 2016 delino
643 1976 880 2034 delitum
908 1977 1131 2026 nascitur,
1166 1974 1284 2028 quod
1314 1975 1489 2016 Probus
1540 1979 1587 2016 et
1619 1974 1768 2028 Caper
1799 1975 2100 2027 comprobant

182 2046 267 2074 usu
302 2046 477 2085 quoque
512 2032 761 2073 adiuuante
793 2032 1058 2073 ...Accius
1088 2033 1134 2072 in
1166 2035 1304 2073 Atreo
1333 2063 1371 2072 ..
1391 2036 1426 2072 .’
1462 2031 1541 2082 (in
1574 2031 1768 2072 Atreo:
1804 2031 2097 2084 epularum

184 2103 266 2129 0111.
302 2088 463 2141 Sang)
499 2089 762 2129 Thesaurus
801 2102 905 2132 nou.
937 2089 1017 2129 lat.
1050 2103 1122 2142 ap.
1152 2091 1203 2132 A.
1236 2090 1333 2129 Mai
1373 2094 1495 2130 auct.
1538 2088 1674 2132 class.
1705 2088 1818 2129 VIII
1857 2088 1936 2128 178
1977 2088 2097 2127 ‘de-

184 2146 353 2195 litor‚
400 2147 478 2198 qui
509 2146 707 2198 aliquem
741 2146 923 2185 occidit.
982 2145 1168 2186 Accius:
1210 2146 1388 2186 fictor
1427 2145 1722 2191 scelerum,
1764 2144 1965 2184 fratris
2004 2144 2096 2184 de-

191 2203 351 2242 ditor
384 2202 626 2242 delitor.'
687 2203 864 2242 Ibidem
896 2204 976 2243 301
1019 2202 1121 2243 ‘hic
1159 2203 1414 2255 perlitor‚
1455 2203 1519 2242 ris
1558 2203 1598 2242 ·i·
1631 2202 1820 2251 occisor,
1858 2201 1978 2240 unde
2011 2202 2100 2242 Ac-

185 2260 304 2299 cius:
339 2259 518 2299 fictor
549 2258 844 2307 scelerum,
878 2259 1077 2299 fratris
1108 2259 1386 2311 perlitor.’
1435 2258 1630 2299 Videtur
1659 2257 1918 2311 perditor
1947 2258 1995 2297 in
2017 2257 2099 2297 ali-

187 2329 276 2366 quo
308 2315 465 2355 codice
498 2315 718 2355 traditum
740 2316 906 2356 fuisse:
940 2328 998 2355 an
1020 2316 1253 2368 sequentis
1273 2327 1432 2356 uersus
1468 2315 1617 2354 exitus
1648 2326 1940 2367 puerorum
1971 2327 2098 2366 per-

185 2372 336 2411 ditor
375 2372 491 2411 fuit?
623 2373 712 2413 XII
744 2373 858 2415 Non.
890 2373 986 2421 210,
1018 2375 1072 2413 30
1112 2372 1356 2412 ‘lacerti
1395 2372 1579 2424 generis
1617 2370 1873 2411 masculini.
1932 2369 2097 2410 Neutri

185 2429 352 2468 Accius
383 2428 545 2468 Atreo:
580 2429 828 2480 concoquit
858 2460 867 2469 .
895 2459 905 2468 .
932 2459 942 2469 .
971 2428 1150 2470 lacerta
1182 2429 1229 2467 in
1253 2429 1395 2469 focos.
1437 2429 1561 2468 Loca
1593 2427 1776 2480 generis
1808 2429 1914 2466 sunt
1946 2426 2098 2466 neutri

231 2516 240 2525 .
265 2516 274 2525 .
313 2485 582 2525 masculini’
624 2498 660 2527 6.
695 2498 736 2537 q.
770 2498 803 2525 s.
846 2484 1102 2535 (lacerta.
1155 2486 1338 2526 Locos
1372 2484 1564 2524 dixere
1597 2497 1714 2536 gen.
1749 2495 1913 2523 masc.
1935 2483 2098 2523 ‘Loca

186 2542 416 2593 generis
450 2546 580 2580 sunt
608 2542 799 2581 neutri
820 2541 1011 2581 Vossius
1045 2541 1329 2593 dubitanter)

330 2688 429 2734 215
469 2688 512 2733 id
553 2689 673 2748 quod
710 2690 824 2734 libri
856 2703 946 2746 pro
985 2690 1216 2747 Plancio,
1268 2689 1521 2735 Sestianae
1560 2691 1632 2735 ecl.
1670 2690 1992 2750 Heruayianu
2031 2702 2096 2736 ex

188 2763 373 2820 egressio
413 2761 515 2805 cod.
553 2760 804 2818 profeclu,
839 2761 1068 2817 probauit
1106 2761 1485 2820 Wesenberyius.
1527 2767 1570 2805 te
1609 2760 1682 2819 (de
1721 2762 1839 2821 Rey.
1869 2776 1930 2806 m.
1960 2759 2006 2818 1)
2050 2760 2095 2805 id

188 2831 307 2890 quod
345 2832 458 2875 libri
490 2845 581 2888 pro
622 2831 741 2876 Sest.
771 2830 888 2890 Rey.
920 2831 1093 2877 Gembl.
1210 2831 1390 2876 uideant
1434 2832 1658 2890 Teqerns.
1693 2847 1785 2890 pro
1825 2832 2028 2877 Plancio

187 2908 420 2960 expectant
462 2901 639 2946 Gembl.
752 2902 971 2946 inscitiast
1009 2901 1126 2961 Rey.
1167 2902 1340 2947 inscitia
1377 2909 1445 2946 est
1485 2902 1657 2947 Gembl.
1795 2902 1895 2948 216
1936 2907 2094 2961 postu-

189 2972 279 3015 lare
329 2973 373 3014 ni
421 2974 496 3016 uel
548 2973 632 3015 nisi
682 2973 1047 3032 Wesenberyius
1094 2972 1378 3031 postularent
1423 2973 1509 3017 siui
1555 2974 1673 3032 Rey.
1720 2988 1780 3018 m.
1823 2973 1879 3031 1,
1920 2972 2094 3017 Gembl.

191 3041 418 3100 postulare
458 3043 496 3085 si
535 3044 700 3101 uulyo,
740 3044 1084 3089 Lachmannus
1119 3046 1168 3088 in
1205 3044 1351 3088 Lucr.
1393 3043 1422 3088 Ι
1455 3041 1550 3087 141
1698 3043 1872 3088 summi]
1907 3041 2096 3100 (summo

191 3110 338 3168 corr.)
378 3125 482 3155 cura
524 3112 698 3158 Gembl.
809 3113 976 3159 ecferas
1014 3114 1133 3173 Req.
1174 3114 1282 3158 haec
1320 3113 1435 3159 seras
1477 3114 1650 3160 Gembl.
1791 3113 1890 3158 219
1930 3113 2096 3172 episto-

191 3181 330 3225 larum
358 3181 528 3226 Bumb.
656 3182 833 3227 ‹rleaelitor
871 3183 1036 3229 (1611101Ί
1060 3184 1316 3244 Leoeicoyr.
1361 3185 1509 3230 Valic.
1529 3198 1584 3242 p.
1614 3183 1712 3229 178
1751 3183 1940 3243 perlitor
1975 3183 2094 3227 idem

184 3267 234 3308 p.
265 3252 362 3297 301
512 3251 609 3296 221
654 3267 792 3311 uapor
833 3255 1043 3311 Vossius,
1073 3255 1315 3314 Ber-(skins
1340 3254 1466 3300 Mus.
1495 3255 1650 3300 Rhen.
1682 3253 1815 3299 1835
1840 3268 1893 3311 p.
1920 3251 1986 3298 82

191 3322 389 3366 flammae
440 3323 655 3379 Vossius,
697 3323 940 3382 Berylcius
974 3328 1006 3370 l.
1042 3327 1074 3370 l.
1117 3324 1335 3369 flammam
1371 3325 1482 3369 libri
1527 3324 1728 3368 flammeo
1779 3323 1972 3368 Vossius
2009 3324 2093 3368 du-

192 3393 400 3436 bitanter
492 3392 672 3437 uer-ibus
698 3394 743 3436 in
771 3393 872 3438 foco
900 3393 1084 3440 Lacerta
1114 3394 1269 3440 tribuit
1294 3396 1521 3439 ordinaui
1545 3393 1698 3437 tribuit
1725 3392 1905 3437 neribus
1932 3393 2094 3438 lacerta

190 3463 233 3505 in
276 3462 399 3507 socos
424 3465 538 3507 libri
549 3499 561 3521 ,
599 3467 646 3508 in
674 3465 843 3522 quibus
885 3465 1075 3510 Vossius
1112 3467 1188 3511 uel
1226 3466 1270 3508 in
1309 3464 1410 3509 soco
1451 3465 1784 3522 corriyenclum
1821 3465 1899 3508 uel
1936 3464 2092 3508 delen-

192 3533 298 3576 dum
335 3535 377 3576 iu
416 3533 542 3578 socos
580 3537 798 3579 coniecit.
837 3534 1001 3579 lacerta
1035 3535 1233 3580 stridunt
1268 3533 1465 3579 uerubus
1503 3535 1546 3578 in
1573 3533 1675 3578 soco
1703 3534 1957 3592 Berylcius.
1993 3533 2093 3578 Ad-

192 3605 378 3647 mitlunt
411 3606 599 3648 numeri
633 3606 759 3650 hunc
794 3619 980 3663 (litoque
1022 3608 1254 3651 ordinem.-
1294 3603 1447 3650 tribuit
1486 3603 1528 3648 in
1568 3603 1670 3648 foco
1710 3603 1893 3648 Verihiis
1931 3604 2094 3649 lacerta
