<?xml version="1.0" encoding="UTF-8"?>
<!DOCTYPE html PUBLIC "-//W3C//DTD XHTML 1.0 Transitional//EN"
    "http://www.w3.org/TR/xhtml1/DTD/xhtml1-transitional.dtd">
<html xmlns="http://www.w3.org/1999/xhtml" xml:lang="en" lang="en">
 <head>
  <title>
</title>
<meta http-equiv="Content-Type" content="text/html;charset=utf-8" />
  <meta name='ocr-system' content='tesseract 3.04.00' />
  <meta name='ocr-capabilities' content='ocr_page ocr_carea ocr_par ocr_line ocrx_word'/>
</head>
<body>
  <div class='ocr_page' id='page_1' title='image "./scaenicaeromano01ribbuoft_0176.png"; bbox 0 0 2294 3844; ppageno 0'>
   <div class='ocr_carea' id='block_1_1' title="bbox 195 211 1333 262">
    <p class='ocr_par' dir='ltr' id='par_1_1' title="bbox 195 211 1333 262">
     <span class='ocr_line' id='line_1_1' title="bbox 195 211 1333 262; baseline 0.005 -16"><span class='ocrx_word' id='word_1_1' title='bbox 195 212 261 262; x_wconf 72' lang='lat'>852</span> <span class='ocrx_word' id='word_1_2' title='bbox 944 214 1002 253; x_wconf 87' lang='lat' dir='ltr'>M.</span> <span class='ocrx_word' id='word_1_3' title='bbox 1036 211 1333 254; x_wconf 80' lang='lat' dir='ltr'>Ponvlvs</span> 
     </span>
    </p>
   </div>
   <div class='ocr_carea' id='block_1_2' title="bbox 231 339 2095 878">
    <p class='ocr_par' dir='ltr' id='par_1_2' title="bbox 231 339 2095 878">
     <span class='ocr_line' id='line_1_2' title="bbox 342 339 2095 409; baseline 0 -17"><span class='ocrx_word' id='word_1_4' title='bbox 342 339 448 402; x_wconf 75' lang='lat' dir='ltr'>Qui</span> <span class='ocrx_word' id='word_1_5' title='bbox 486 341 574 392; x_wconf 77' lang='lat' dir='ltr'>sed</span> <span class='ocrx_word' id='word_1_6' title='bbox 615 342 727 408; x_wconf 78' lang='lat' dir='ltr'>icit,</span> <span class='ocrx_word' id='word_1_7' title='bbox 768 360 926 408; x_wconf 84' lang='lat' dir='ltr'>quam</span> <span class='ocrx_word' id='word_1_8' title='bbox 967 339 1122 391; x_wconf 76' lang='lat' dir='ltr'>illum</span> <span class='ocrx_word' id='word_1_9' title='bbox 1163 358 1377 409; x_wconf 88' lang='lat' dir='ltr'>eumpse</span> <span class='ocrx_word' id='word_1_10' title='bbox 1411 339 1665 408; x_wconf 63' lang='lat' dir='ltr'>lapidem,</span> <span class='ocrx_word' id='word_1_11' title='bbox 1705 340 1794 407; x_wconf 89' lang='lat' dir='ltr'>qui</span> <span class='ocrx_word' id='word_1_12' title='bbox 1833 341 1950 408; x_wconf 85' lang='lat' dir='ltr'>ipsa</span> <span class='ocrx_word' id='word_1_13' title='bbox 1989 341 2095 392; x_wconf 72' lang='lat' dir='ltr'>icta</span> 
     </span>
     <span class='ocr_line' id='line_1_3' title="bbox 1410 436 1698 505; baseline 0 -18"><span class='ocrx_word' id='word_1_14' title='bbox 1410 438 1511 505; x_wconf 74' lang='lat' dir='ltr'>est,</span> <span class='ocrx_word' id='word_1_15' title='bbox 1550 436 1698 504; x_wconf 77' lang='lat' dir='ltr'>petit.</span> 
     </span>
     <span class='ocr_line' id='line_1_4' title="bbox 1012 537 1277 609; baseline 0 -18"><span class='ocrx_word' id='word_1_16' title='bbox 1012 539 1115 591; x_wconf 84' lang='lat' dir='ltr'>XV</span> <span class='ocrx_word' id='word_1_17' title='bbox 1157 537 1277 609; x_wconf 79' lang='lat'><strong>(17)</strong></span> 
     </span>
     <span class='ocr_line' id='line_1_5' title="bbox 231 634 1890 703; baseline 0 -17"><span class='ocrx_word' id='word_1_18' title='bbox 231 638 303 687; x_wconf 73' lang='lat'>40</span> <span class='ocrx_word' id='word_1_19' title='bbox 344 678 352 687; x_wconf 90' lang='lat'><strong>.</strong></span> <span class='ocrx_word' id='word_1_20' title='bbox 397 679 403 686; x_wconf 94' lang='lat'><strong>.</strong></span> <span class='ocrx_word' id='word_1_21' title='bbox 448 678 456 687; x_wconf 96' lang='lat'><strong>.</strong></span> <span class='ocrx_word' id='word_1_22' title='bbox 500 678 508 686; x_wconf 95' lang='lat'><strong>.</strong></span> <span class='ocrx_word' id='word_1_23' title='bbox 550 637 671 687; x_wconf 71' lang='lat' dir='ltr'>men</span> <span class='ocrx_word' id='word_1_24' title='bbox 714 654 976 703; x_wconf 72' lang='lat' dir='ltr'>seruasse,</span> <span class='ocrx_word' id='word_1_25' title='bbox 1017 639 1076 686; x_wconf 86' lang='lat' dir='ltr'>ut</span> <span class='ocrx_word' id='word_1_26' title='bbox 1116 637 1294 686; x_wconf 80' lang='lat' dir='ltr'>e‘ssent</span> <span class='ocrx_word' id='word_1_27' title='bbox 1334 636 1422 703; x_wconf 87' lang='lat' dir='ltr'>qui</span> <span class='ocrx_word' id='word_1_28' title='bbox 1463 654 1546 687; x_wconf 87' lang='lat' dir='ltr'>me</span> <span class='ocrx_word' id='word_1_29' title='bbox 1586 634 1890 703; x_wconf 71' lang='lat' dir='ltr'>perderent!</span> 
     </span>
     <span class='ocr_line' id='line_1_6' title="bbox 233 751 1277 878; baseline 0 -55"><span class='ocrx_word' id='word_1_30' title='bbox 233 829 297 878; x_wconf 75' lang='lat'>41</span> <span class='ocrx_word' id='word_1_31' title='bbox 1195 751 1216 823; x_wconf 84' lang='lat'>(</span> <span class='ocrx_word' id='word_1_32' title='bbox 1257 751 1277 823; x_wconf 84' lang='lat'><em>)</em></span> 
     </span>
    </p>
   </div>
   <div class='ocr_carea' id='block_1_3' title="bbox 233 862 2095 952">
    <p class='ocr_par' dir='ltr' id='par_1_3' title="bbox 233 862 2095 952">
     <span class='ocr_line' id='line_1_7' title="bbox 233 862 2095 952; baseline 0 -38"><span class='ocrx_word' id='word_1_33' title='bbox 233 903 303 952; x_wconf 70' lang='lat'>4)</span> <span class='ocrx_word' id='word_1_34' title='bbox 346 864 445 916; x_wconf 86' lang='lat' dir='ltr'>Pro</span> <span class='ocrx_word' id='word_1_35' title='bbox 487 865 707 931; x_wconf 66' lang='grc'>1111110110</span> <span class='ocrx_word' id='word_1_36' title='bbox 750 865 1017 933; x_wconf 77' lang='lat' dir='ltr'>agendum</span> <span class='ocrx_word' id='word_1_37' title='bbox 1058 868 1151 915; x_wconf 81' lang='lat' dir='ltr'>est.</span> <span class='ocrx_word' id='word_1_38' title='bbox 1190 896 1256 900; x_wconf 85' lang='lat'>——</span> <span class='ocrx_word' id='word_1_39' title='bbox 1300 862 1430 926; x_wconf 80' lang='lat' dir='ltr'>Quls</span> <span class='ocrx_word' id='word_1_40' title='bbox 1463 867 1611 915; x_wconf 76' lang='lat' dir='ltr'>uetat</span> <span class='ocrx_word' id='word_1_41' title='bbox 1644 864 1733 931; x_wconf 88' lang='lat' dir='ltr'>qui</span> <span class='ocrx_word' id='word_1_42' title='bbox 1766 882 1832 915; x_wconf 89' lang='lat' dir='ltr'>ne</span> <span class='ocrx_word' id='word_1_43' title='bbox 1867 863 2095 915; x_wconf 70' lang='lat' dir='ltr'>attolat?</span> 
     </span>
    </p>
   </div>
   <div class='ocr_carea' id='block_1_4' title="bbox 947 1026 1349 1216">
    <p class='ocr_par' dir='ltr' id='par_1_4' title="bbox 947 1026 1349 1216">
     <span class='ocr_line' id='line_1_8' title="bbox 947 1026 1349 1079; baseline 0.002 -1"><span class='ocrx_word' id='word_1_44' title='bbox 947 1026 1349 1079; x_wconf 82' lang='lat' dir='ltr'><strong>ATALANTA</strong></span> 
     </span>
     <span class='ocr_line' id='line_1_9' title="bbox 1055 1144 1242 1216; baseline 0 -19"><span class='ocrx_word' id='word_1_45' title='bbox 1055 1146 1081 1197; x_wconf 84' lang='lat'>1</span> <span class='ocrx_word' id='word_1_46' title='bbox 1123 1144 1242 1216; x_wconf 81' lang='lat'>(10)</span> 
     </span>
    </p>
   </div>
   <div class='ocr_carea' id='block_1_5' title="bbox 341 1256 1629 1326">
    <p class='ocr_par' dir='ltr' id='par_1_5' title="bbox 341 1256 1629 1326">
     <span class='ocr_line' id='line_1_10' title="bbox 341 1256 1629 1326; baseline -0.002 -18"><span class='ocrx_word' id='word_1_47' title='bbox 341 1258 633 1308; x_wconf 71' lang='lat' dir='ltr'>Parentum</span> <span class='ocrx_word' id='word_1_48' title='bbox 674 1257 937 1307; x_wconf 81' lang='lat' dir='ltr'>incertum</span> <span class='ocrx_word' id='word_1_49' title='bbox 977 1257 1414 1326; x_wconf 76' lang='lat' dir='ltr'>inuestigandum</span> <span class='ocrx_word' id='word_1_50' title='bbox 1455 1256 1629 1325; x_wconf 69' lang='lat' dir='ltr'>gratia</span> 
     </span>
    </p>
   </div>
   <div class='ocr_carea' id='block_1_6' title="bbox 228 1373 2094 1650">
    <p class='ocr_par' dir='ltr' id='par_1_6' title="bbox 228 1373 2073 1650">
     <span class='ocr_line' id='line_1_11' title="bbox 1035 1373 1250 1445; baseline 0.005 -19"><span class='ocrx_word' id='word_1_51' title='bbox 1035 1375 1089 1426; x_wconf 87' lang='lat' dir='ltr'>II</span> <span class='ocrx_word' id='word_1_52' title='bbox 1131 1373 1250 1445; x_wconf 84' lang='lat'>(14)</span> 
     </span>
     <span class='ocr_line' id='line_1_12' title="bbox 228 1451 2094 1575; baseline -0.002 -37"><span class='ocrx_word' id='word_1_53' title='bbox 228 1451 300 1575; x_wconf 44' lang='grc' dir='ltr'>ἐξ</span> <span class='ocrx_word' id='word_1_54' title='bbox 341 1487 501 1538; x_wconf 77' lang='lat' dir='ltr'>Dolet</span> <span class='ocrx_word' id='word_1_55' title='bbox 541 1487 794 1555; x_wconf 83' lang='lat' dir='ltr'>pioetque</span> <span class='ocrx_word' id='word_1_56' title='bbox 835 1486 1007 1555; x_wconf 81' lang='lat' dir='ltr'>magis</span> <span class='ocrx_word' id='word_1_57' title='bbox 1047 1486 1324 1555; x_wconf 77' lang='lat' dir='ltr'>magisque</span> <span class='ocrx_word' id='word_1_58' title='bbox 1364 1486 1447 1536; x_wconf 76' lang='lat' dir='ltr'>me</span> <span class='ocrx_word' id='word_1_59' title='bbox 1481 1488 1731 1536; x_wconf 78' lang='lat' dir='ltr'>conatum</span> <span class='ocrx_word' id='word_1_60' title='bbox 1770 1484 1873 1536; x_wconf 85' lang='grc'>1100</span> <span class='ocrx_word' id='word_1_61' title='bbox 1912 1484 2094 1552; x_wconf 75' lang='lat' dir='ltr'>nequi-</span> 
     </span>
     <span class='ocr_line' id='line_1_13' title="bbox 1523 1580 1900 1650; baseline -0.006 -17"><span class='ocrx_word' id='word_1_62' title='bbox 1523 1600 1682 1650; x_wconf 81' lang='lat' dir='ltr'>quam</span> <span class='ocrx_word' id='word_1_63' title='bbox 1725 1580 1900 1632; x_wconf 77' lang='lat' dir='ltr'>itinel.</span> 
     </span>
    </p>
   </div>
   <div class='ocr_carea' id='block_1_7' title="bbox 193 1742 2104 2755">
    <p class='ocr_par' dir='ltr' id='par_1_7' title="bbox 193 1742 2104 2755">
     <span class='ocr_line' id='line_1_14' title="bbox 197 1742 2103 1796; baseline -0.001 -12"><span class='ocrx_word' id='word_1_64' title='bbox 197 1745 284 1784; x_wconf 81' lang='lat' dir='ltr'>cio</span> <span class='ocrx_word' id='word_1_65' title='bbox 308 1744 464 1784; x_wconf 89' lang='lat' dir='ltr'>Vrbin.</span> <span class='ocrx_word' id='word_1_66' title='bbox 487 1745 568 1785; x_wconf 88' lang='grc'>307</span> <span class='ocrx_word' id='word_1_67' title='bbox 590 1748 776 1785; x_wconf 86' lang='lat' dir='ltr'>uetusta</span> <span class='ocrx_word' id='word_1_68' title='bbox 798 1744 872 1785; x_wconf 91' lang='lat' dir='ltr'>uel</span> <span class='ocrx_word' id='word_1_69' title='bbox 895 1745 1079 1796; x_wconf 85' lang='lat' dir='ltr'>plebeia</span> <span class='ocrx_word' id='word_1_70' title='bbox 1102 1742 1264 1795; x_wconf 87' lang='lat' dir='ltr'>forma)</span> <span class='ocrx_word' id='word_1_71' title='bbox 1361 1743 1442 1783; x_wconf 93' lang='lat' dir='ltr'>XV</span> <span class='ocrx_word' id='word_1_72' title='bbox 1466 1743 1708 1784; x_wconf 80' lang='lat' dir='ltr'>Suetonius</span> <span class='ocrx_word' id='word_1_73' title='bbox 1732 1742 1865 1784; x_wconf 82' lang='lat' dir='ltr'><strong>Caes.</strong></span> <span class='ocrx_word' id='word_1_74' title='bbox 1888 1744 1942 1784; x_wconf 87' lang='lat'>84</span> <span class='ocrx_word' id='word_1_75' title='bbox 1964 1743 2103 1783; x_wconf 71' lang='lat' dir='ltr'>‘inter</span> 
     </span>
     <span class='ocr_line' id='line_1_15' title="bbox 197 1799 2104 1853; baseline -0.001 -13"><span class='ocrx_word' id='word_1_76' title='bbox 197 1801 355 1841; x_wconf 84' lang='lat' dir='ltr'>ludos’</span> <span class='ocrx_word' id='word_1_77' title='bbox 380 1800 614 1852; x_wconf 87' lang='lat' dir='ltr'>(funebres</span> <span class='ocrx_word' id='word_1_78' title='bbox 639 1801 872 1853; x_wconf 81' lang='lat' dir='ltr'>Caesaris)</span> <span class='ocrx_word' id='word_1_79' title='bbox 907 1806 920 1826; x_wconf 48' lang='grc' dir='ltr'><em>ς</em></span> <span class='ocrx_word' id='word_1_80' title='bbox 936 1805 1125 1841; x_wconf 79' lang='lat' dir='ltr'>cantata</span> <span class='ocrx_word' id='word_1_81' title='bbox 1149 1806 1253 1840; x_wconf 89' lang='lat' dir='ltr'>sunt</span> <span class='ocrx_word' id='word_1_82' title='bbox 1277 1801 1497 1853; x_wconf 76' lang='lat' dir='ltr'>quaedam</span> <span class='ocrx_word' id='word_1_83' title='bbox 1519 1800 1576 1840; x_wconf 88' lang='lat' dir='ltr'>ad</span> <span class='ocrx_word' id='word_1_84' title='bbox 1597 1799 1935 1840; x_wconf 82' lang='lat' dir='ltr'>miserationem</span> <span class='ocrx_word' id='word_1_85' title='bbox 1969 1803 2015 1840; x_wconf 90' lang='lat' dir='ltr'>et</span> <span class='ocrx_word' id='word_1_86' title='bbox 2036 1800 2104 1838; x_wconf 90' lang='lat' dir='ltr'>in-</span> 
     </span>
     <span class='ocr_line' id='line_1_16' title="bbox 196 1855 2102 1919; baseline -0.001 -23"><span class='ocrx_word' id='word_1_87' title='bbox 196 1857 369 1897; x_wconf 86' lang='lat' dir='ltr'>uidiam</span> <span class='ocrx_word' id='word_1_88' title='bbox 393 1858 546 1897; x_wconf 82' lang='lat' dir='ltr'>caedis</span> <span class='ocrx_word' id='word_1_89' title='bbox 572 1858 668 1898; x_wconf 88' lang='lat' dir='ltr'>eius</span> <span class='ocrx_word' id='word_1_90' title='bbox 693 1857 1037 1898; x_wconf 80' lang='lat' dir='ltr'>accommodata</span> <span class='ocrx_word' id='word_1_91' title='bbox 1065 1871 1119 1897; x_wconf 88' lang='lat' dir='ltr'>ex</span> <span class='ocrx_word' id='word_1_92' title='bbox 1141 1857 1314 1897; x_wconf 78' lang='lat' dir='ltr'>Pacuui</span> <span class='ocrx_word' id='word_1_93' title='bbox 1338 1855 1570 1897; x_wconf 68' lang='grc' dir='ltr'>ΑΊῚ110111111</span> <span class='ocrx_word' id='word_1_94' title='bbox 1594 1856 1762 1896; x_wconf 86' lang='lat' dir='ltr'>iudicio</span> <span class='ocrx_word' id='word_1_95' title='bbox 1792 1887 1802 1896; x_wconf 90' lang='lat'><strong>.</strong></span> <span class='ocrx_word' id='word_1_96' title='bbox 1828 1887 1837 1896; x_wconf 93' lang='lat'><strong>.</strong></span> <span class='ocrx_word' id='word_1_97' title='bbox 1863 1859 1898 1895; x_wconf 89' lang='lat'>.’</span> <span class='ocrx_word' id='word_1_98' title='bbox 1936 1855 2102 1919; x_wconf 83' lang='lat' dir='ltr'>Appia-</span> 
     </span>
     <span class='ocr_line' id='line_1_17' title="bbox 194 1903 2103 1981; baseline -0.001 -29"><span class='ocrx_word' id='word_1_99' title='bbox 194 1926 279 1953; x_wconf 90' lang='lat' dir='ltr'>nus</span> <span class='ocrx_word' id='word_1_100' title='bbox 310 1914 417 1954; x_wconf 87' lang='lat' dir='ltr'>bell.</span> <span class='ocrx_word' id='word_1_101' title='bbox 442 1914 594 1953; x_wconf 84' lang='lat' dir='ltr'>ciu.11</span> <span class='ocrx_word' id='word_1_102' title='bbox 622 1915 700 1953; x_wconf 80' lang='lat'>146</span> <span class='ocrx_word' id='word_1_103' title='bbox 733 1929 792 1961; x_wconf 86' lang='grc' dir='ltr'>ως</span> <span class='ocrx_word' id='word_1_104' title='bbox 816 1906 865 1954; x_wconf 79' lang='grc' dir='ltr'>δ’</span> <span class='ocrx_word' id='word_1_105' title='bbox 901 1908 977 1955; x_wconf 75' lang='grc' dir='ltr'>ἐπὶ</span> <span class='ocrx_word' id='word_1_106' title='bbox 1001 1917 1100 1961; x_wconf 79' lang='grc' dir='ltr'><strong>τοῖς</strong></span> <span class='ocrx_word' id='word_1_107' title='bbox 1124 1908 1281 1979; x_wconf 78' lang='grc' dir='ltr'><em>λόγοις</em></span> <span class='ocrx_word' id='word_1_108' title='bbox 1313 1909 1462 1966; x_wconf 82' lang='grc' dir='ltr'><strong><em>έτεροι</em></strong></span> <span class='ocrx_word' id='word_1_109' title='bbox 1485 1911 1663 1981; x_wconf 79' lang='grc' dir='ltr'><em>θρῆνοι</em></span> <span class='ocrx_word' id='word_1_110' title='bbox 1693 1905 1796 1965; x_wconf 79' lang='grc' dir='ltr'><strong>μετ’</strong></span> <span class='ocrx_word' id='word_1_111' title='bbox 1815 1903 1958 1976; x_wconf 75' lang='grc' dir='ltr'>ᾦὸῆς</span> <span class='ocrx_word' id='word_1_112' title='bbox 1979 1906 2103 1952; x_wconf 77' lang='grc' dir='ltr'><strong>κατὰ</strong></span> 
     </span>
     <span class='ocr_line' id='line_1_18' title="bbox 193 1955 2100 2039; baseline -0.001 -29"><span class='ocrx_word' id='word_1_113' title='bbox 193 1964 393 2039; x_wconf 73' lang='grc' dir='ltr'>πάτριρν</span> <span class='ocrx_word' id='word_1_114' title='bbox 426 1965 541 2017; x_wconf 77' lang='grc' dir='ltr'><em>ἔθος</em></span> <span class='ocrx_word' id='word_1_115' title='bbox 579 1963 671 2011; x_wconf 79' lang='grc' dir='ltr'>ὑπὸ</span> <span class='ocrx_word' id='word_1_116' title='bbox 715 1970 866 2024; x_wconf 80' lang='grc' dir='ltr'><strong><em>χορῶν</em></strong></span> <span class='ocrx_word' id='word_1_117' title='bbox 897 1965 944 2018; x_wconf 77' lang='grc' dir='ltr'>ἐς</span> <span class='ocrx_word' id='word_1_118' title='bbox 977 1964 1127 2011; x_wconf 84' lang='grc' dir='ltr'><strong><em>αυτὸν</em></strong></span> <span class='ocrx_word' id='word_1_119' title='bbox 1158 1964 1357 2022; x_wconf 83' lang='grc' dir='ltr'>ἥδοντο,</span> <span class='ocrx_word' id='word_1_120' title='bbox 1400 1969 1481 2011; x_wconf 77' lang='grc' dir='ltr'>καὶ</span> <span class='ocrx_word' id='word_1_121' title='bbox 1519 1967 1576 2009; x_wconf 77' lang='grc' dir='ltr'>τὰ</span> <span class='ocrx_word' id='word_1_122' title='bbox 1595 1965 1729 2035; x_wconf 75' lang='grc' dir='ltr'><strong><em>ἔργα</em></strong></span> <span class='ocrx_word' id='word_1_123' title='bbox 1769 1955 1918 2016; x_wconf 74' lang='grc' dir='ltr'><strong><em>αὖθις</em></strong></span> <span class='ocrx_word' id='word_1_124' title='bbox 1950 1960 2100 2009; x_wconf 79' lang='grc' dir='ltr'><strong>αὐτοῦ</strong></span> 
     </span>
     <span class='ocr_line' id='line_1_19' title="bbox 196 2018 2103 2092; baseline -0.001 -25.997"><span class='ocrx_word' id='word_1_125' title='bbox 196 2025 277 2067; x_wconf 77' lang='grc' dir='ltr'>καὶ</span> <span class='ocrx_word' id='word_1_126' title='bbox 311 2020 361 2066; x_wconf 85' lang='grc' dir='ltr'>τὸ</span> <span class='ocrx_word' id='word_1_127' title='bbox 394 2020 555 2087; x_wconf 80' lang='grc' dir='ltr'><em>πάθος</em></span> <span class='ocrx_word' id='word_1_128' title='bbox 587 2023 868 2092; x_wconf 77' lang='grc' dir='ltr'><strong><em>κατέλεγον,</em></strong></span> <span class='ocrx_word' id='word_1_129' title='bbox 905 2026 993 2067; x_wconf 80' lang='grc' dir='ltr'>καί</span> <span class='ocrx_word' id='word_1_130' title='bbox 1018 2040 1113 2068; x_wconf 87' lang='grc' dir='ltr'>που</span> <span class='ocrx_word' id='word_1_131' title='bbox 1143 2025 1235 2067; x_wconf 84' lang='grc' dir='ltr'>τῶν</span> <span class='ocrx_word' id='word_1_132' title='bbox 1265 2022 1461 2092; x_wconf 58' lang='grc' dir='ltr'><strong><em>θρῄνων</em></strong></span> <span class='ocrx_word' id='word_1_133' title='bbox 1493 2019 1636 2073; x_wconf 77' lang='grc' dir='ltr'><strong>αὐτὸς</strong></span> <span class='ocrx_word' id='word_1_134' title='bbox 1669 2020 1692 2066; x_wconf 85' lang='lat'><em>6</em></span> <span class='ocrx_word' id='word_1_135' title='bbox 1725 2027 1911 2077; x_wconf 80' lang='grc' dir='ltr'><em>Καῖσαρ</em></span> <span class='ocrx_word' id='word_1_136' title='bbox 1945 2018 2103 2065; x_wconf 78' lang='grc' dir='ltr'><strong><em>ἐδόκει</em></strong></span> 
     </span>
     <span class='ocr_line' id='line_1_20' title="bbox 202 2073 2103 2151; baseline -0.001 -29"><span class='ocrx_word' id='word_1_137' title='bbox 202 2078 360 2147; x_wconf 76' lang='grc' dir='ltr'><strong><em>λέγειν</em></strong></span> <span class='ocrx_word' id='word_1_138' title='bbox 392 2073 530 2130; x_wconf 77' lang='grc' dir='ltr'>ὅσους</span> <span class='ocrx_word' id='word_1_139' title='bbox 564 2079 616 2124; x_wconf 77' lang='grc' dir='ltr'>εὐ</span> <span class='ocrx_word' id='word_1_140' title='bbox 646 2079 860 2147; x_wconf 80' lang='grc' dir='ltr'><em>ποιήσειε</em></span> <span class='ocrx_word' id='word_1_141' title='bbox 893 2082 985 2124; x_wconf 82' lang='grc' dir='ltr'>τῶν</span> <span class='ocrx_word' id='word_1_142' title='bbox 996 2076 1204 2151; x_wconf 79' lang='grc' dir='ltr'><strong><em>ἐχθρῶν</em></strong></span> <span class='ocrx_word' id='word_1_143' title='bbox 1236 2077 1285 2134; x_wconf 80' lang='grc' dir='ltr'>ἐξ,</span> <span class='ocrx_word' id='word_1_144' title='bbox 1317 2076 1571 2151; x_wconf 85' lang='grc' dir='ltr'>ὀνόματος,</span> <span class='ocrx_word' id='word_1_145' title='bbox 1614 2080 1695 2122; x_wconf 81' lang='grc' dir='ltr'>καὶ</span> <span class='ocrx_word' id='word_1_146' title='bbox 1725 2078 1833 2130; x_wconf 80' lang='grc' dir='ltr'><em>περὶ</em></span> <span class='ocrx_word' id='word_1_147' title='bbox 1862 2079 1954 2121; x_wconf 80' lang='grc' dir='ltr'>τῶν</span> <span class='ocrx_word' id='word_1_148' title='bbox 1984 2092 2103 2132; x_wconf 82' lang='grc' dir='ltr'><strong>σφα-</strong></span> 
     </span>
     <span class='ocr_line' id='line_1_21' title="bbox 200 2131 2102 2208; baseline -0.001 -28.998"><span class='ocrx_word' id='word_1_149' title='bbox 200 2136 322 2192; x_wconf 87' lang='grc' dir='ltr'><strong><em>γέων</em></strong></span> <span class='ocrx_word' id='word_1_150' title='bbox 357 2131 514 2180; x_wconf 75' lang='grc' dir='ltr'><strong><em>αὐτῶν</em></strong></span> <span class='ocrx_word' id='word_1_151' title='bbox 545 2133 768 2194; x_wconf 78' lang='grc' dir='ltr'><strong><em>ἐπέλεγεν</em></strong></span> <span class='ocrx_word' id='word_1_152' title='bbox 800 2151 954 2205; x_wconf 79' lang='grc' dir='ltr'><em>ωσπερ</em></span> <span class='ocrx_word' id='word_1_153' title='bbox 987 2133 1037 2180; x_wconf 79' lang='grc' dir='ltr'>ἐν</span> <span class='ocrx_word' id='word_1_154' title='bbox 1069 2132 1311 2208; x_wconf 76' lang='grc' dir='ltr'><em>θαύματι·</em></span> <span class='ocrx_word' id='word_1_155' title='bbox 1360 2133 1453 2191; x_wconf 73' lang='grc' dir='ltr'>ἐμὲ</span> <span class='ocrx_word' id='word_1_156' title='bbox 1485 2134 1546 2180; x_wconf 74' lang='grc' dir='ltr'>δὲ</span> <span class='ocrx_word' id='word_1_157' title='bbox 1585 2136 1677 2179; x_wconf 81' lang='grc' dir='ltr'>καὶ</span> <span class='ocrx_word' id='word_1_158' title='bbox 1711 2135 1918 2180; x_wconf 76' lang='grc' dir='ltr'><strong>τούσδε</strong></span> <span class='ocrx_word' id='word_1_159' title='bbox 1947 2149 2102 2188; x_wconf 81' lang='grc' dir='ltr'><strong><em>περι-</em></strong></span> 
     </span>
     <span class='ocr_line' id='line_1_22' title="bbox 197 2188 2101 2249; baseline -0.001 -14"><span class='ocrx_word' id='word_1_160' title='bbox 197 2195 379 2236; x_wconf 81' lang='grc' dir='ltr'><em>σῶσαι</em></span> <span class='ocrx_word' id='word_1_161' title='bbox 410 2189 546 2243; x_wconf 79' lang='grc' dir='ltr'>τούς</span> <span class='ocrx_word' id='word_1_162' title='bbox 578 2192 939 2244; x_wconf 77' lang='grc' dir='ltr'>κτενοῦντάς</span> <span class='ocrx_word' id='word_1_163' title='bbox 970 2209 1049 2248; x_wconf 74' lang='grc' dir='ltr'>μές</span> <span class='ocrx_word' id='word_1_164' title='bbox 1084 2188 1170 2237; x_wconf 79' lang='grc' dir='ltr'>οὐκ</span> <span class='ocrx_word' id='word_1_165' title='bbox 1203 2192 1372 2249; x_wconf 76' lang='grc' dir='ltr'><strong><em>ἔφερεν</em></strong></span> <span class='ocrx_word' id='word_1_166' title='bbox 1404 2192 1472 2236; x_wconf 74' lang='grc' dir='ltr'>ἔτι</span> <span class='ocrx_word' id='word_1_167' title='bbox 1504 2189 1527 2235; x_wconf 87' lang='grc' dir='ltr'>ὁ</span> <span class='ocrx_word' id='word_1_168' title='bbox 1562 2193 1712 2247; x_wconf 83' lang='grc' dir='ltr'><em>δῆμος</em></span> <span class='ocrx_word' id='word_1_169' title='bbox 1742 2209 1783 2235; x_wconf 83' lang='grc' dir='ltr'>κ.</span> <span class='ocrx_word' id='word_1_170' title='bbox 1816 2208 1854 2234; x_wconf 88' lang='grc' dir='ltr'>τ.</span> <span class='ocrx_word' id='word_1_171' title='bbox 1888 2194 1926 2234; x_wconf 83' lang='grc' dir='ltr'>λ.</span> <span class='ocrx_word' id='word_1_172' title='bbox 1985 2193 2101 2233; x_wconf 88' lang='lat' dir='ltr'>Con—</span> 
     </span>
     <span class='ocr_line' id='line_1_23' title="bbox 202 2249 2104 2305; baseline -0.001 -14"><span class='ocrx_word' id='word_1_173' title='bbox 202 2252 313 2292; x_wconf 84' lang='lat' dir='ltr'>ferri</span> <span class='ocrx_word' id='word_1_174' title='bbox 344 2252 471 2291; x_wconf 86' lang='lat' dir='ltr'>iubet</span> <span class='ocrx_word' id='word_1_175' title='bbox 502 2253 706 2305; x_wconf 83' lang='lat' dir='ltr'>Langius</span> <span class='ocrx_word' id='word_1_176' title='bbox 736 2252 871 2292; x_wconf 86' lang='lat' dir='ltr'>Vind.</span> <span class='ocrx_word' id='word_1_177' title='bbox 912 2265 952 2304; x_wconf 89' lang='lat' dir='ltr'>p.</span> <span class='ocrx_word' id='word_1_178' title='bbox 984 2255 1037 2293; x_wconf 89' lang='lat'>34</span> <span class='ocrx_word' id='word_1_179' title='bbox 1070 2253 1307 2293; x_wconf 82' lang='lat' dir='ltr'>Ciceronis</span> <span class='ocrx_word' id='word_1_180' title='bbox 1337 2252 1455 2294; x_wconf 88' lang='lat' dir='ltr'>Phil.</span> <span class='ocrx_word' id='word_1_181' title='bbox 1485 2252 1530 2292; x_wconf 92' lang='lat' dir='ltr'>II</span> <span class='ocrx_word' id='word_1_182' title='bbox 1561 2254 1605 2298; x_wconf 90' lang='lat'>3,</span> <span class='ocrx_word' id='word_1_183' title='bbox 1640 2253 1685 2291; x_wconf 86' lang='grc'>5.</span> <span class='ocrx_word' id='word_1_184' title='bbox 1734 2249 1878 2303; x_wconf 79' lang='lat' dir='ltr'>‘quod</span> <span class='ocrx_word' id='word_1_185' title='bbox 1911 2250 1950 2290; x_wconf 84' lang='lat' dir='ltr'>si</span> <span class='ocrx_word' id='word_1_186' title='bbox 1982 2254 2104 2290; x_wconf 87' lang='lat' dir='ltr'>esset</span> 
     </span>
     <span class='ocr_line' id='line_1_24' title="bbox 199 2307 2103 2361; baseline -0.001 -14"><span class='ocrx_word' id='word_1_187' title='bbox 199 2307 490 2359; x_wconf 77' lang='lat' dir='ltr'>beneficium,</span> <span class='ocrx_word' id='word_1_188' title='bbox 524 2322 765 2361; x_wconf 77' lang='lat' dir='ltr'>numquam</span> <span class='ocrx_word' id='word_1_189' title='bbox 799 2310 890 2360; x_wconf 91' lang='lat' dir='ltr'>qui</span> <span class='ocrx_word' id='word_1_190' title='bbox 920 2309 1074 2348; x_wconf 89' lang='lat' dir='ltr'>illum</span> <span class='ocrx_word' id='word_1_191' title='bbox 1108 2309 1553 2358; x_wconf 85' lang='lat' dir='ltr'>interfecerunt,</span> <span class='ocrx_word' id='word_1_192' title='bbox 1588 2321 1615 2346; x_wconf 83' lang='lat' dir='ltr'>a</span> <span class='ocrx_word' id='word_1_193' title='bbox 1648 2319 1749 2358; x_wconf 91' lang='lat' dir='ltr'>quo</span> <span class='ocrx_word' id='word_1_194' title='bbox 1783 2310 1945 2348; x_wconf 86' lang='lat' dir='ltr'>erant</span> <span class='ocrx_word' id='word_1_195' title='bbox 1974 2319 2103 2346; x_wconf 86' lang='lat' dir='ltr'>con—</span> 
     </span>
     <span class='ocr_line' id='line_1_25' title="bbox 198 2361 2101 2417; baseline -0.001 -12.999"><span class='ocrx_word' id='word_1_196' title='bbox 198 2367 448 2404; x_wconf 83' lang='lat' dir='ltr'>seruati&#39;</span> <span class='ocrx_word' id='word_1_197' title='bbox 490 2365 739 2415; x_wconf 80' lang='lat' dir='ltr'>(seruati</span> <span class='ocrx_word' id='word_1_198' title='bbox 781 2365 860 2404; x_wconf 83' lang='lat' dir='ltr'>alii</span> <span class='ocrx_word' id='word_1_199' title='bbox 891 2370 1075 2417; x_wconf 84' lang='lat' dir='ltr'>praeter</span> <span class='ocrx_word' id='word_1_200' title='bbox 1105 2364 1478 2415; x_wconf 84' lang='lat' dir='ltr'>Basilieanum).</span> <span class='ocrx_word' id='word_1_201' title='bbox 1527 2395 1537 2405; x_wconf 94' lang='lat'><strong>.</strong></span> <span class='ocrx_word' id='word_1_202' title='bbox 1575 2367 1782 2403; x_wconf 83' lang='lat' dir='ltr'>‘tantam</span> <span class='ocrx_word' id='word_1_203' title='bbox 1826 2367 1978 2403; x_wconf 79' lang='lat' dir='ltr'>essent</span> <span class='ocrx_word' id='word_1_204' title='bbox 2007 2361 2101 2415; x_wconf 85' lang='lat' dir='ltr'>glo-</span> 
     </span>
     <span class='ocr_line' id='line_1_26' title="bbox 200 2419 1998 2472; baseline 0 -12"><span class='ocrx_word' id='word_1_205' title='bbox 200 2422 312 2460; x_wconf 83' lang='lat' dir='ltr'>iiam</span> <span class='ocrx_word' id='word_1_206' title='bbox 345 2422 617 2464; x_wconf 52' lang='lat' dir='ltr'>consecuti?</span> <span class='ocrx_word' id='word_1_207' title='bbox 744 2421 850 2460; x_wconf 90' lang='lat' dir='ltr'>XVI</span> <span class='ocrx_word' id='word_1_208' title='bbox 881 2423 995 2463; x_wconf 89' lang='lat' dir='ltr'>Non.</span> <span class='ocrx_word' id='word_1_209' title='bbox 1029 2422 1130 2471; x_wconf 81' lang='lat'>246,</span> <span class='ocrx_word' id='word_1_210' title='bbox 1164 2424 1190 2460; x_wconf 92' lang='lat'>4</span> <span class='ocrx_word' id='word_1_211' title='bbox 1230 2420 1524 2461; x_wconf 83' lang='lat' dir='ltr'>‘attollere</span> <span class='ocrx_word' id='word_1_212' title='bbox 1557 2419 1787 2472; x_wconf 79' lang='lat' dir='ltr'>significat</span> <span class='ocrx_word' id='word_1_213' title='bbox 1819 2420 1998 2471; x_wconf 81' lang='lat' dir='ltr'>erigere</span> 
     </span>
     <span class='ocr_line' id='line_1_27' title="bbox 200 2475 1879 2528; baseline -0.001 -12"><span class='ocrx_word' id='word_1_214' title='bbox 200 2477 436 2528; x_wconf 85' lang='lat' dir='ltr'>attollere,</span> <span class='ocrx_word' id='word_1_215' title='bbox 469 2476 648 2517; x_wconf 84' lang='lat' dir='ltr'>adferre</span> <span class='ocrx_word' id='word_1_216' title='bbox 680 2477 911 2517; x_wconf 83' lang='lat' dir='ltr'>Pacuuius</span> <span class='ocrx_word' id='word_1_217' title='bbox 942 2477 1074 2517; x_wconf 88' lang='lat' dir='ltr'>Medo</span> <span class='ocrx_word' id='word_1_218' title='bbox 1106 2508 1114 2516; x_wconf 94' lang='lat'><strong>.</strong></span> <span class='ocrx_word' id='word_1_219' title='bbox 1134 2508 1142 2516; x_wconf 90' lang='lat'><strong>.</strong></span> <span class='ocrx_word' id='word_1_220' title='bbox 1163 2508 1172 2519; x_wconf 91' lang='lat'><strong>.</strong></span> <span class='ocrx_word' id='word_1_221' title='bbox 1201 2477 1321 2517; x_wconf 87' lang='lat' dir='ltr'>idem</span> <span class='ocrx_word' id='word_1_222' title='bbox 1352 2478 1584 2516; x_wconf 81' lang='lat' dir='ltr'>Armoium</span> <span class='ocrx_word' id='word_1_223' title='bbox 1615 2475 1783 2516; x_wconf 87' lang='lat' dir='ltr'>iudicio</span> <span class='ocrx_word' id='word_1_224' title='bbox 1813 2507 1821 2516; x_wconf 93' lang='lat'><strong>.</strong></span> <span class='ocrx_word' id='word_1_225' title='bbox 1841 2506 1851 2517; x_wconf 89' lang='lat'><strong>.</strong></span> <span class='ocrx_word' id='word_1_226' title='bbox 1870 2506 1879 2515; x_wconf 88' lang='lat'><strong>.</strong></span> 
     </span>
     <span class='ocr_line' id='line_1_28' title="bbox 311 2531 2102 2586; baseline -0.001 -13"><span class='ocrx_word' id='word_1_227' title='bbox 311 2533 575 2573; x_wconf 82' lang='lat' dir='ltr'>Alexander</span> <span class='ocrx_word' id='word_1_228' title='bbox 599 2533 860 2574; x_wconf 84' lang='lat' dir='ltr'>Guarinus</span> <span class='ocrx_word' id='word_1_229' title='bbox 849 2547 896 2573; x_wconf 86' lang='grc'>111</span> <span class='ocrx_word' id='word_1_230' title='bbox 919 2534 1249 2586; x_wconf 84' lang='lat' dir='ltr'>expositionum</span> <span class='ocrx_word' id='word_1_231' title='bbox 1284 2533 1359 2574; x_wconf 91' lang='lat' dir='ltr'>fol.</span> <span class='ocrx_word' id='word_1_232' title='bbox 1383 2531 1542 2574; x_wconf 88' lang='lat' dir='ltr'>XV11¹</span> <span class='ocrx_word' id='word_1_233' title='bbox 1576 2531 1632 2572; x_wconf 81' lang='lat' dir='ltr'>ad</span> <span class='ocrx_word' id='word_1_234' title='bbox 1657 2532 1827 2573; x_wconf 80' lang='lat' dir='ltr'>satulli</span> <span class='ocrx_word' id='word_1_235' title='bbox 1859 2534 1926 2583; x_wconf 84' lang='lat'>17,</span> <span class='ocrx_word' id='word_1_236' title='bbox 1950 2533 1975 2572; x_wconf 88' lang='grc'>6</span> <span class='ocrx_word' id='word_1_237' title='bbox 1998 2533 2102 2572; x_wconf 76' lang='lat' dir='ltr'>‘Pa-</span> 
     </span>
     <span class='ocr_line' id='line_1_29' title="bbox 202 2589 2101 2643; baseline -0.001 -14"><span class='ocrx_word' id='word_1_238' title='bbox 202 2590 366 2629; x_wconf 80' lang='lat' dir='ltr'>cuuius</span> <span class='ocrx_word' id='word_1_239' title='bbox 398 2590 444 2628; x_wconf 93' lang='lat' dir='ltr'>in</span> <span class='ocrx_word' id='word_1_240' title='bbox 483 2602 704 2629; x_wconf 84' lang='lat' dir='ltr'>armorum</span> <span class='ocrx_word' id='word_1_241' title='bbox 743 2590 934 2630; x_wconf 87' lang='lat' dir='ltr'>iudicio:</span> <span class='ocrx_word' id='word_1_242' title='bbox 975 2603 1073 2642; x_wconf 86' lang='lat' dir='ltr'>pro</span> <span class='ocrx_word' id='word_1_243' title='bbox 1112 2591 1346 2643; x_wconf 87' lang='lat' dir='ltr'>imperio</span> <span class='ocrx_word' id='word_1_244' title='bbox 1388 2589 1775 2630; x_wconf 84' lang='lat' dir='ltr'>salisubsulus</span> <span class='ocrx_word' id='word_1_245' title='bbox 1823 2590 1869 2630; x_wconf 87' lang='lat' dir='ltr'>si</span> <span class='ocrx_word' id='word_1_246' title='bbox 1907 2592 2101 2628; x_wconf 88' lang='lat' dir='ltr'>nostro</span> 
     </span>
     <span class='ocr_line' id='line_1_30' title="bbox 201 2646 2103 2699; baseline -0.001 -14"><span class='ocrx_word' id='word_1_247' title='bbox 201 2647 487 2696; x_wconf 83' lang='lat' dir='ltr'>excubet,&#39;</span> <span class='ocrx_word' id='word_1_248' title='bbox 523 2659 638 2698; x_wconf 87' lang='lat' dir='ltr'>quae</span> <span class='ocrx_word' id='word_1_249' title='bbox 672 2646 730 2685; x_wconf 85' lang='lat' dir='ltr'>ad</span> <span class='ocrx_word' id='word_1_250' title='bbox 752 2646 931 2686; x_wconf 88' lang='lat' dir='ltr'>Perotti</span> <span class='ocrx_word' id='word_1_251' title='bbox 965 2647 1119 2699; x_wconf 81' lang='lat' dir='ltr'>copias</span> <span class='ocrx_word' id='word_1_252' title='bbox 1153 2652 1199 2687; x_wconf 87' lang='lat' dir='ltr'>et</span> <span class='ocrx_word' id='word_1_253' title='bbox 1231 2646 1399 2687; x_wconf 86' lang='lat' dir='ltr'>similia</span> <span class='ocrx_word' id='word_1_254' title='bbox 1421 2646 1654 2686; x_wconf 81' lang='lat' dir='ltr'>reicienda</span> <span class='ocrx_word' id='word_1_255' title='bbox 1676 2651 1795 2696; x_wconf 86' lang='lat' dir='ltr'>sunt,</span> <span class='ocrx_word' id='word_1_256' title='bbox 1831 2657 2103 2697; x_wconf 83' lang='lat' dir='ltr'>quamquam</span> 
     </span>
     <span class='ocr_line' id='line_1_31' title="bbox 199 2701 2003 2755; baseline 0.001 -14"><span class='ocrx_word' id='word_1_257' title='bbox 199 2702 387 2742; x_wconf 85' lang='lat' dir='ltr'>defensa</span> <span class='ocrx_word' id='word_1_258' title='bbox 421 2716 446 2741; x_wconf 87' lang='lat' dir='ltr'>a</span> <span class='ocrx_word' id='word_1_259' title='bbox 475 2701 650 2742; x_wconf 79' lang='lat' dir='ltr'>Naekio</span> <span class='ocrx_word' id='word_1_260' title='bbox 683 2715 834 2755; x_wconf 84' lang='lat' dir='ltr'>opusc.</span> <span class='ocrx_word' id='word_1_261' title='bbox 867 2704 888 2742; x_wconf 96' lang='lat' dir='ltr'>I</span> <span class='ocrx_word' id='word_1_262' title='bbox 922 2704 1014 2745; x_wconf 88' lang='lat'>107.</span> <span class='ocrx_word' id='word_1_263' title='bbox 1077 2703 1135 2745; x_wconf 86' lang='lat' dir='ltr'>cf.</span> <span class='ocrx_word' id='word_1_264' title='bbox 1168 2704 1283 2744; x_wconf 82' lang='lat' dir='ltr'>Lud.</span> <span class='ocrx_word' id='word_1_265' title='bbox 1318 2702 1585 2743; x_wconf 82' lang='lat' dir='ltr'>Schwabius</span> <span class='ocrx_word' id='word_1_266' title='bbox 1619 2702 1676 2742; x_wconf 85' lang='lat' dir='ltr'>ad</span> <span class='ocrx_word' id='word_1_267' title='bbox 1709 2701 1882 2742; x_wconf 87' lang='lat' dir='ltr'>Catulli</span> <span class='ocrx_word' id='word_1_268' title='bbox 1913 2702 1942 2743; x_wconf 92' lang='lat' dir='ltr'>l.</span> <span class='ocrx_word' id='word_1_269' title='bbox 1975 2701 2003 2742; x_wconf 92' lang='lat' dir='ltr'>l.</span> 
     </span>
    </p>
   </div>
   <div class='ocr_carea' id='block_1_8' title="bbox 202 2772 2103 2937">
    <p class='ocr_par' dir='ltr' id='par_1_8' title="bbox 202 2772 2103 2937">
     <span class='ocr_line' id='line_1_32' title="bbox 310 2772 2102 2824; baseline -0.001 -12"><span class='ocrx_word' id='word_1_270' title='bbox 310 2773 561 2813; x_wconf 74' lang='lat' dir='ltr'>ATALANTA</span> <span class='ocrx_word' id='word_1_271' title='bbox 601 2774 621 2813; x_wconf 90' lang='grc' dir='ltr'>Ι</span> <span class='ocrx_word' id='word_1_272' title='bbox 658 2774 771 2814; x_wconf 87' lang='lat' dir='ltr'>Non.</span> <span class='ocrx_word' id='word_1_273' title='bbox 810 2775 915 2822; x_wconf 84' lang='lat'>495,</span> <span class='ocrx_word' id='word_1_274' title='bbox 957 2775 1009 2813; x_wconf 80' lang='lat'>26</span> <span class='ocrx_word' id='word_1_275' title='bbox 1050 2776 1372 2815; x_wconf 74' lang='lat' dir='ltr'>‘accusatiuus</span> <span class='ocrx_word' id='word_1_276' title='bbox 1411 2774 1587 2812; x_wconf 85' lang='lat' dir='ltr'>numeri</span> <span class='ocrx_word' id='word_1_277' title='bbox 1634 2772 1882 2824; x_wconf 83' lang='lat' dir='ltr'>singularis</span> <span class='ocrx_word' id='word_1_278' title='bbox 1926 2772 2102 2824; x_wconf 87' lang='lat' dir='ltr'>positus</span> 
     </span>
     <span class='ocr_line' id='line_1_33' title="bbox 202 2828 2103 2882; baseline -0.002 -13"><span class='ocrx_word' id='word_1_279' title='bbox 202 2843 281 2882; x_wconf 86' lang='lat' dir='ltr'>pro</span> <span class='ocrx_word' id='word_1_280' title='bbox 313 2830 529 2882; x_wconf 81' lang='lat' dir='ltr'>genetiuo</span> <span class='ocrx_word' id='word_1_281' title='bbox 560 2829 725 2881; x_wconf 86' lang='lat' dir='ltr'>plurali</span> <span class='ocrx_word' id='word_1_282' title='bbox 755 2861 764 2869; x_wconf 87' lang='lat'><strong>.</strong></span> <span class='ocrx_word' id='word_1_283' title='bbox 786 2861 793 2868; x_wconf 93' lang='lat'><strong>.</strong></span> <span class='ocrx_word' id='word_1_284' title='bbox 813 2861 821 2869; x_wconf 95' lang='lat'><strong>.</strong></span> <span class='ocrx_word' id='word_1_285' title='bbox 851 2830 903 2869; x_wconf 90' lang='grc' dir='ltr'>Ρ.</span> <span class='ocrx_word' id='word_1_286' title='bbox 938 2830 1193 2871; x_wconf 76' lang='lat' dir='ltr'>Athalanta</span> <span class='ocrx_word' id='word_1_287' title='bbox 1222 2862 1231 2871; x_wconf 91' lang='lat'><strong>.</strong></span> <span class='ocrx_word' id='word_1_288' title='bbox 1252 2834 1314 2872; x_wconf 78' lang='lat'>..²</span> <span class='ocrx_word' id='word_1_289' title='bbox 1451 2829 1496 2869; x_wconf 90' lang='lat'>11</span> <span class='ocrx_word' id='word_1_290' title='bbox 1526 2831 1638 2870; x_wconf 86' lang='lat' dir='ltr'>Non.</span> <span class='ocrx_word' id='word_1_291' title='bbox 1668 2831 1775 2880; x_wconf 88' lang='grc'>490,</span> <span class='ocrx_word' id='word_1_292' title='bbox 1810 2830 1861 2868; x_wconf 84' lang='grc'>14</span> <span class='ocrx_word' id='word_1_293' title='bbox 1901 2828 2103 2867; x_wconf 80' lang='lat' dir='ltr'>‘itiner</span> 
     </span>
     <span class='ocr_line' id='line_1_34' title="bbox 204 2886 975 2937; baseline 0.001 -12"><span class='ocrx_word' id='word_1_294' title='bbox 204 2899 282 2937; x_wconf 86' lang='lat' dir='ltr'>pro</span> <span class='ocrx_word' id='word_1_295' title='bbox 315 2888 404 2926; x_wconf 85' lang='lat' dir='ltr'>iter</span> <span class='ocrx_word' id='word_1_296' title='bbox 433 2918 441 2926; x_wconf 93' lang='lat'><strong>.</strong></span> <span class='ocrx_word' id='word_1_297' title='bbox 462 2917 470 2926; x_wconf 94' lang='lat'><strong>.</strong></span> <span class='ocrx_word' id='word_1_298' title='bbox 491 2917 500 2927; x_wconf 95' lang='lat'><strong>.</strong></span> <span class='ocrx_word' id='word_1_299' title='bbox 530 2886 578 2926; x_wconf 91' lang='lat' dir='ltr'>P.</span> <span class='ocrx_word' id='word_1_300' title='bbox 601 2886 853 2926; x_wconf 83' lang='lat' dir='ltr'>Athalanta</span> <span class='ocrx_word' id='word_1_301' title='bbox 883 2917 892 2926; x_wconf 98' lang='lat'><strong>.</strong></span> <span class='ocrx_word' id='word_1_302' title='bbox 912 2917 919 2925; x_wconf 92' lang='lat'><strong>.</strong></span> <span class='ocrx_word' id='word_1_303' title='bbox 940 2889 975 2926; x_wconf 84' lang='lat'>.’</span> 
     </span>
    </p>
   </div>
   <div class='ocr_carea' id='block_1_9' title="bbox 291 2995 554 3000">
    <p class='ocr_par' dir='ltr' id='par_1_9' title="bbox 291 2995 554 3000">
     <span class='ocr_line' id='line_1_35' title="bbox 291 2995 554 3000; baseline 0 0"><span class='ocrx_word' id='word_1_304' title='bbox 291 2995 554 3000; x_wconf 95' lang='lat' dir='ltr'> </span> 
     </span>
    </p>
   </div>
   <div class='ocr_carea' id='block_1_10' title="bbox 199 3068 2103 3608">
    <p class='ocr_par' dir='ltr' id='par_1_10' title="bbox 199 3068 2103 3608">
     <span class='ocr_line' id='line_1_36' title="bbox 347 3068 2103 3121; baseline -0.002 -5"><span class='ocrx_word' id='word_1_305' title='bbox 347 3071 411 3117; x_wconf 71' lang='lat'>39</span> <span class='ocrx_word' id='word_1_306' title='bbox 452 3071 527 3116; x_wconf 82' lang='lat' dir='ltr'>sed</span> <span class='ocrx_word' id='word_1_307' title='bbox 569 3072 860 3121; x_wconf 76' lang='lat' dir='ltr'>Rilsckelius</span> <span class='ocrx_word' id='word_1_308' title='bbox 900 3087 1010 3118; x_wconf 76' lang='lat' dir='ltr'>nou.</span> <span class='ocrx_word' id='word_1_309' title='bbox 1051 3085 1248 3118; x_wconf 76' lang='lat' dir='ltr'>excurs.</span> <span class='ocrx_word' id='word_1_310' title='bbox 1275 3073 1437 3117; x_wconf 80' lang='lat' dir='ltr'>Plaut.</span> <span class='ocrx_word' id='word_1_311' title='bbox 1466 3071 1581 3116; x_wconf 80' lang='lat'>151</span> <span class='ocrx_word' id='word_1_312' title='bbox 1623 3084 1671 3116; x_wconf 83' lang='lat' dir='ltr'>se</span> <span class='ocrx_word' id='word_1_313' title='bbox 1708 3071 1819 3116; x_wconf 82' lang='lat' dir='ltr'>libri</span> <span class='ocrx_word' id='word_1_314' title='bbox 1854 3082 1953 3114; x_wconf 87' lang='lat' dir='ltr'>sese</span> <span class='ocrx_word' id='word_1_315' title='bbox 1995 3068 2103 3114; x_wconf 87' lang='lat' dir='ltr'>Vos-</span> 
     </span>
     <span class='ocr_line' id='line_1_37' title="bbox 207 3137 2103 3201; baseline -0.003 -14"><span class='ocrx_word' id='word_1_316' title='bbox 207 3145 306 3187; x_wconf 85' lang='lat' dir='ltr'>sius</span> <span class='ocrx_word' id='word_1_317' title='bbox 439 3155 622 3201; x_wconf 82' lang='lat' dir='ltr'>eumpse</span> <span class='ocrx_word' id='word_1_318' title='bbox 665 3143 855 3188; x_wconf 78' lang='lat' dir='ltr'>Vossius</span> <span class='ocrx_word' id='word_1_319' title='bbox 893 3156 991 3188; x_wconf 87' lang='lat' dir='ltr'>eum</span> <span class='ocrx_word' id='word_1_320' title='bbox 1032 3143 1175 3201; x_wconf 88' lang='lat' dir='ltr'>ipsum</span> <span class='ocrx_word' id='word_1_321' title='bbox 1213 3144 1325 3187; x_wconf 83' lang='lat' dir='ltr'>libri</span> <span class='ocrx_word' id='word_1_322' title='bbox 1452 3143 1526 3200; x_wconf 84' lang='lat' dir='ltr'>qui</span> <span class='ocrx_word' id='word_1_323' title='bbox 1566 3154 1614 3186; x_wconf 82' lang='lat' dir='ltr'>se</span> <span class='ocrx_word' id='word_1_324' title='bbox 1652 3142 1747 3197; x_wconf 74' lang='lat' dir='ltr'>icit,</span> <span class='ocrx_word' id='word_1_325' title='bbox 1799 3152 1929 3200; x_wconf 80' lang='lat' dir='ltr'>quam</span> <span class='ocrx_word' id='word_1_326' title='bbox 1966 3137 2103 3183; x_wconf 85' lang='lat' dir='ltr'>illunc</span> 
     </span>
     <span class='ocr_line' id='line_1_38' title="bbox 203 3208 2101 3272; baseline -0.003 -16"><span class='ocrx_word' id='word_1_327' title='bbox 203 3226 385 3271; x_wconf 86' lang='lat' dir='ltr'>eumpse</span> <span class='ocrx_word' id='word_1_328' title='bbox 426 3212 478 3257; x_wconf 88' lang='lat' dir='ltr'>G.</span> <span class='ocrx_word' id='word_1_329' title='bbox 507 3213 818 3257; x_wconf 75' lang='lat' dir='ltr'>Hermamzus</span> <span class='ocrx_word' id='word_1_330' title='bbox 949 3213 1012 3257; x_wconf 88' lang='grc'>41</span> <span class='ocrx_word' id='word_1_331' title='bbox 1054 3226 1123 3272; x_wconf 81' lang='lat' dir='ltr'>sq.</span> <span class='ocrx_word' id='word_1_332' title='bbox 1165 3214 1263 3272; x_wconf 87' lang='lat' dir='ltr'>quis</span> <span class='ocrx_word' id='word_1_333' title='bbox 1302 3216 1426 3257; x_wconf 74' lang='lat' dir='ltr'>uetat</span> <span class='ocrx_word' id='word_1_334' title='bbox 1464 3212 1622 3270; x_wconf 85' lang='lat' dir='ltr'>quisne</span> <span class='ocrx_word' id='word_1_335' title='bbox 1660 3211 1835 3256; x_wconf 74' lang='lat' dir='ltr'>attollat</span> <span class='ocrx_word' id='word_1_336' title='bbox 1869 3209 1982 3254; x_wconf 80' lang='lat' dir='ltr'>libri</span> <span class='ocrx_word' id='word_1_337' title='bbox 2025 3208 2101 3266; x_wconf 87' lang='lat' dir='ltr'>qui</span> 
     </span>
     <span class='ocr_line' id='line_1_39' title="bbox 205 3279 2100 3341; baseline -0.002 -16"><span class='ocrx_word' id='word_1_338' title='bbox 205 3289 352 3339; x_wconf 72' lang='lat' dir='ltr'>uetat,</span> <span class='ocrx_word' id='word_1_339' title='bbox 391 3281 452 3326; x_wconf 72' lang='lat' dir='ltr'>Ne</span> <span class='ocrx_word' id='word_1_340' title='bbox 493 3283 590 3341; x_wconf 85' lang='lat' dir='ltr'>quis</span> <span class='ocrx_word' id='word_1_341' title='bbox 630 3282 808 3326; x_wconf 78' lang='lat' dir='ltr'>attollat</span> <span class='ocrx_word' id='word_1_342' title='bbox 851 3283 902 3327; x_wconf 85' lang='lat' dir='ltr'>G.</span> <span class='ocrx_word' id='word_1_343' title='bbox 940 3284 1254 3329; x_wconf 79' lang='lat' dir='ltr'>Hermanmcs</span> <span class='ocrx_word' id='word_1_344' title='bbox 1292 3296 1347 3327; x_wconf 87' lang='lat' dir='ltr'>ne</span> <span class='ocrx_word' id='word_1_345' title='bbox 1396 3283 1495 3341; x_wconf 91' lang='lat' dir='ltr'>quis</span> <span class='ocrx_word' id='word_1_346' title='bbox 1532 3281 1707 3326; x_wconf 74' lang='lat' dir='ltr'>attollat</span> <span class='ocrx_word' id='word_1_347' title='bbox 1754 3287 1855 3325; x_wconf 74' lang='lat' dir='ltr'>ueta</span> <span class='ocrx_word' id='word_1_348' title='bbox 1893 3279 2100 3335; x_wconf 78' lang='lat' dir='ltr'>Grotius,</span> 
     </span>
     <span class='ocr_line' id='line_1_40' title="bbox 199 3349 2102 3411; baseline -0.003 -15"><span class='ocrx_word' id='word_1_349' title='bbox 199 3353 375 3410; x_wconf 77' lang='lat' dir='ltr'>probat</span> <span class='ocrx_word' id='word_1_350' title='bbox 417 3353 629 3409; x_wconf 72' lang='lat' dir='ltr'>VossiuS,</span> <span class='ocrx_word' id='word_1_351' title='bbox 669 3356 747 3397; x_wconf 82' lang='lat' dir='ltr'>cui</span> <span class='ocrx_word' id='word_1_352' title='bbox 782 3367 873 3397; x_wconf 79' lang='lat' dir='ltr'>non</span> <span class='ocrx_word' id='word_1_353' title='bbox 902 3356 1054 3398; x_wconf 72' lang='lat' dir='ltr'>minus</span> <span class='ocrx_word' id='word_1_354' title='bbox 1087 3356 1251 3411; x_wconf 78' lang='lat' dir='ltr'>placet</span> <span class='ocrx_word' id='word_1_355' title='bbox 1288 3359 1411 3397; x_wconf 81' lang='lat' dir='ltr'>uet0.</span> <span class='ocrx_word' id='word_1_356' title='bbox 1466 3352 1575 3396; x_wconf 80' lang='lat' dir='ltr'>Fuit</span> <span class='ocrx_word' id='word_1_357' title='bbox 1613 3366 1718 3396; x_wconf 78' lang='lat' dir='ltr'>cum</span> <span class='ocrx_word' id='word_1_358' title='bbox 1743 3353 1788 3395; x_wconf 82' lang='lat' dir='ltr'>in</span> <span class='ocrx_word' id='word_1_359' title='bbox 1828 3351 1906 3395; x_wconf 86' lang='lat' dir='ltr'>illo</span> <span class='ocrx_word' id='word_1_360' title='bbox 1944 3349 2102 3407; x_wconf 81' lang='lat' dir='ltr'>quisue</span> 
     </span>
     <span class='ocr_line' id='line_1_41' title="bbox 203 3418 2101 3481; baseline -0.003 -15"><span class='ocrx_word' id='word_1_361' title='bbox 203 3425 357 3467; x_wconf 78' lang='lat' dir='ltr'>latere</span> <span class='ocrx_word' id='word_1_362' title='bbox 405 3437 566 3481; x_wconf 77' lang='lat' dir='ltr'>eorpus</span> <span class='ocrx_word' id='word_1_363' title='bbox 618 3436 671 3467; x_wconf 88' lang='grc'>110</span> <span class='ocrx_word' id='word_1_364' title='bbox 717 3426 1011 3479; x_wconf 80' lang='lat' dir='ltr'>suspicarer.</span> <span class='ocrx_word' id='word_1_365' title='bbox 1062 3423 1222 3468; x_wconf 71' lang='lat' dir='ltr'>attolat</span> <span class='ocrx_word' id='word_1_366' title='bbox 1258 3425 1408 3468; x_wconf 79' lang='lat' dir='ltr'>suasit</span> <span class='ocrx_word' id='word_1_367' title='bbox 1448 3421 1780 3467; x_wconf 75' lang='lat' dir='ltr'>Buechelerus</span> <span class='ocrx_word' id='word_1_368' title='bbox 1925 3418 1990 3462; x_wconf 86' lang='lat'>44</span> <span class='ocrx_word' id='word_1_369' title='bbox 2031 3431 2101 3476; x_wconf 84' lang='lat' dir='ltr'>sq.</span> 
     </span>
     <span class='ocr_line' id='line_1_42' title="bbox 204 3488 2099 3551; baseline -0.003 -15"><span class='ocrx_word' id='word_1_370' title='bbox 204 3494 407 3551; x_wconf 68' lang='lat' dir='ltr'>Aynouit</span> <span class='ocrx_word' id='word_1_371' title='bbox 445 3495 741 3538; x_wconf 77' lang='lat' dir='ltr'>octonarium</span> <span class='ocrx_word' id='word_1_372' title='bbox 787 3493 1134 3551; x_wconf 62' lang='lat' dir='ltr'>li&#39;ueelcelerus7</span> <span class='ocrx_word' id='word_1_373' title='bbox 1182 3495 1483 3539; x_wconf 79' lang='lat' dir='ltr'>senariorum</span> <span class='ocrx_word' id='word_1_374' title='bbox 1524 3491 1744 3549; x_wconf 80' lang='lat' dir='ltr'>frustula</span> <span class='ocrx_word' id='word_1_375' title='bbox 1793 3526 1802 3535; x_wconf 95' lang='lat'><strong>.</strong></span> <span class='ocrx_word' id='word_1_376' title='bbox 1841 3524 1850 3535; x_wconf 92' lang='lat'><strong>.</strong></span> <span class='ocrx_word' id='word_1_377' title='bbox 1896 3488 2019 3533; x_wconf 85' lang='lat' dir='ltr'>dolet</span> <span class='ocrx_word' id='word_1_378' title='bbox 2056 3502 2099 3546; x_wconf 88' lang='lat' dir='ltr'>p.</span> 
     </span>
     <span class='ocr_line' id='line_1_43' title="bbox 206 3562 1358 3608; baseline 0.002 -4"><span class='ocrx_word' id='word_1_379' title='bbox 206 3575 261 3604; x_wconf 86' lang='lat' dir='ltr'>m.</span> <span class='ocrx_word' id='word_1_380' title='bbox 293 3576 345 3605; x_wconf 85' lang='lat' dir='ltr'>m.</span> <span class='ocrx_word' id='word_1_381' title='bbox 376 3576 444 3607; x_wconf 87' lang='grc'>1110</span> <span class='ocrx_word' id='word_1_382' title='bbox 471 3562 686 3607; x_wconf 61' lang='lat' dir='ltr'>Consulum</span> <span class='ocrx_word' id='word_1_383' title='bbox 717 3563 758 3608; x_wconf 77' lang='lat' dir='ltr'>h.</span> <span class='ocrx_word' id='word_1_384' title='bbox 789 3578 832 3607; x_wconf 88' lang='lat' dir='ltr'>n.</span> <span class='ocrx_word' id='word_1_385' title='bbox 862 3563 889 3607; x_wconf 81' lang='lat' dir='ltr'>i.</span> <span class='ocrx_word' id='word_1_386' title='bbox 934 3564 1122 3608; x_wconf 77' lang='lat' dir='ltr'>Vossius</span> <span class='ocrx_word' id='word_1_387' title='bbox 1148 3565 1358 3608; x_wconf 77' lang='lat' dir='ltr'>dederat.</span> 
     </span>
    </p>
   </div>
  </div>
 </body>
</html>
