2294 3844
135 224 201 274 92
876 223 937 261 M.
971 219 1264 261 Ponvlvs

883 349 990 401 VII
1032 346 1142 417 (14.
1185 346 1279 417 24)

279 491 288 499 .
331 490 339 498 .
383 490 391 498 .
433 448 662 515 primum
703 447 803 498 hoc
846 447 940 497 abs
979 448 1032 496 te
1074 463 1190 511 oro⁷
1228 443 1291 495 111'
1327 461 1410 494 me
1450 442 1834 494 inexorabilem

278 543 319 595 F
326 545 459 594 axis:
500 544 556 594 ni
598 542 858 610 turpassis
899 541 1212 592 uanitusliue
1254 540 1485 591 aet-atem
1523 541 1695 605 tuam,

281 639 425 707 'Oro7
466 639 588 690 niue
631 639 833 706 plectas
872 637 1021 688 fandi
1063 635 1141 687 1111'
1178 635 1627 705 prolixitudiuem.

319 816 326 822 ἱ
967 747 1046 799 IX
1082 745 1201 817 (19)

138 847 237 900 128
278 845 405 898 Nou
445 846 593 896 decet
635 845 872 895 animum
913 844 1246 913 aegritudine
1287 841 1346 893 1'11
1384 860 1439 892 re
1481 859 1695 909 crepera
1738 840 1940 892 confici.

982 954 1032 1005 X
1075 952 1194 1023 (17)

280 1053 474 1104 Nonne
517 1052 757 1103 officium
795 1052 994 1119 fungar
1034 1050 1206 1119 uulgi,
1255 1052 1413 1116 atque
1463 1050 1619 1117 ae'gre
1659 1048 1796 1098 male
1835 1047 2040 1098 factum

1019 1196 1021 1198 .
1290 1144 1497 1195 feram‘.>

968 1241 1046 1293 XI
1088 1240 1217 1311 (28),

144 1343 246 1394 130
288 1340 346 1393 Si
386 1342 503 1409 quis
541 1340 640 1391 hac
683 1357 766 1390 me
809 1339 1050 1390 orzitione
1090 1336 1297 1404 incsset‚
1338 1336 1464 1404 quid
1503 1335 1892 1404 respondeam?

955 1448 1060 1500 XII
1097 1446 1216 1518 (36)

280 1547 437 1599 Nunc·
480 1567 546 1599 ue
588 1546 744 1598 illum
785 1548 1050 1615 expectes,
1092 1544 1304 1613 quando
1347 1544 1516 1595 amieo
1558 1541 1799 1594 amiciter

282 1643 481 1695 Fecisti

944 1714 1080 1767 XIII
1122 1712 1241 1783 (27)

334 1857 342 1865 .
385 1815 638 1882 quidnam
681 1816 862 1864 autem
901 1813 1002 1864 hoc
1050 1811 1213 1862 soujti
1254 1813 1356 1877 est,
1397 1810 1538 1878 quod
1579 1810 1813 1861 stridunt
1850 1808 2020 1860 foris‘.>

274 1977 359 2017 VII
391 1977 504 2017 Non.
538 1978 639 2024 134,
671 1978 697 2015 4
739 1975 1040 2014 ‘uanitudo
1079 1987 1158 2025 pro
1189 1973 1399 2012 uanitate
1438 2003 1448 2012 .
1475 2003 1484 2012 .
1509 2003 1519 2012 .
1557 1971 1608 2012 P.
1639 1972 1887 2011 Duloreste
1924 1968 2041 2024 [122.

137 2029 274 2086 1231>
328 2033 450 2073 Idem
485 2035 584 2081 160,
622 2035 672 2072 10
706 2031 1216 2084 ‘prolixitudinem
1249 2029 1299 2069 P.
1332 2029 1572 2068 Duloreste
1600 2025 1760 2082 [124].’
1793 2028 2042 2079 Vtrumque

132 2089 279 2129 locum
312 2090 548 2129 coniunxit
581 2089 911 2128 Lachmannus
950 2088 998 2126 in
1029 2087 1163 2126 Lucr.
1198 2086 1244 2125 ΙΙ
1276 2088 1357 2125 731
1499 2085 1609 2124 VIII
1640 2085 1699 2124 ad
1736 2086 1825 2123 inc.
1858 2085 1953 2124 fab.
1985 2084 2041 2123 fr.

133 2146 274 2186 XIlIb
307 2146 528 2198 relegaui.
645 2145 707 2184 IX
737 2145 854 2185 Non.
891 2146 959 2194 13,
992 2146 1045 2184 28
1078 2147 1196 2182 ‘ere
1213 2155 1342 2194 pera
1374 2154 1462 2181 res
1493 2142 1676 2193 proprie
1709 2140 1875 2180 dicitur
1906 2140 2043 2194 dubie!

142 2234 150 2240 .
177 2235 185 2242 .
215 2234 224 2243 .
262 2203 310 2241 P.
343 2202 587 2242 Duloreste
619 2234 627 2242 .
655 2233 662 2240 .
691 2205 726 2240 .’
876 2201 914 2239 X
947 2201 1062 2243 Non,
1093 2201 1191 2250 497,
1227 2201 1277 2238 16
1309 2199 1631 2238 ‘accusatiuus
1659 2198 1840 2249 positus
1861 2210 1942 2248 pro
1965 2196 2042 2234 ab·

132 2259 274 2298 latino
315 2290 350 2299 ..
371 2290 408 2299 ..
450 2260 497 2298 P.
521 2259 770 2298 Duloreste
802 2261 895 2298 ...²
929 2256 1258 2306 (Doloreste
1291 2256 1348 2294 W
1379 2255 1555 2305 Bamb.)
1699 2253 1764 2293 XI
1794 2252 1913 2292 Non.
1948 2254 2043 2302 125,

133 2318 156 2353 4
199 2315 466 2355 ‘incilare
507 2320 578 2354 est
618 2315 859 2366 inerepare
898 2313 971 2352 uel
1001 2313 1247 2364 inprobare
1288 2342 1297 2351 .
1320 2341 1329 2350 .
1357 2342 1365 2349 .
1406 2312 1454 2350 Ρ.
1482 2310 1732 2350 Duloreste
1763 2340 1773 2349 .
1799 2340 1807 2347 .
1833 2312 1870 2349 ,²

133 2371 221 2410 XII
253 2372 369 2412 Non.
400 2374 495 2419 510,
529 2374 581 2410 22
614 2371 898 2410 ‘amiciter
930 2382 1009 2421 pro
1041 2369 1186 2408 amice
1226 2398 1235 2407 .
1262 2398 1270 2406 .
1298 2398 1306 2406 .
1346 2368 1396 2408 P.
1418 2367 1665 2407 Duloreste
1695 2397 1703 2404 .
1730 2396 1740 2406 .
1767 2369 1804 2406 .'
1840 2364 2042 2415 (Dolo-

134 2433 284 2467 reste
317 2428 495 2475 Bamb)
649 2427 760 2466 XIII
791 2427 904 2465 Non.
937 2427 1042 2476 491,
1078 2426 1132 2463 24
1169 2423 1372 2463 ‘soniti
1412 2427 1459 2463 et
1498 2435 1611 2462 sonu
1651 2436 1730 2474 pro
1771 2422 1949 2461 sonitus
1996 2425 2043 2461 et

134 2497 258 2523 sono.
293 2484 342 2522 P.
375 2484 619 2524 Duloreste
651 2487 743 2523 ...³
779 2481 1111 2533 (Doloreste
1144 2479 1326 2531 Bamu)

134 2647 272 2693 pecus
309 2632 531 2676 secundae
575 2631 699 2676 Leicl.
741 2645 883 2690 pucus
930 2628 1177 2674 saecundae
1216 2628 1383 2673 Bamb.
1424 2627 1469 2671 D.
1515 2641 1556 2671 u.
1595 2640 1732 2686 pecus
1772 2628 1868 2687 egi,
1920 2627 2040 2672 unde

134 2703 184 2747 ad
226 2702 398 2746 stabula
438 2704 571 2747 itiner
595 2703 766 2747 Iunius
804 2705 852 2746 in
879 2717 966 2760 my.
1007 2700 1052 2744 D.
1083 2706 1295 2755 uentum,
1334 2712 1471 2758 pecus
1511 2698 1583 2758 egi
1619 2697 1722 2742 inde
1762 2697 1814 2742 ad
1844 2697 2037 2754 stabula,

136 2773 188 2817 ad
226 2773 363 2817 itiner
405 2774 595 2818 Vossius
635 2772 828 2831 Delphos
868 2772 969 2816 ueni
1011 2771 1174 2829 impete
1213 2769 1440 2826 secundo,
1487 2767 1540 2811 ad
1589 2766 1854 2827 stabulaque
1903 2769 2038 2812 itiner

136 2845 449 2889 Hermannus
579 2842 676 2887 122
717 2844 760 2887 ni
800 2857 869 2887 me
907 2842 1243 2886 Lachmcmnus
1281 2841 1409 2884 nimis
1447 2839 1561 2884 libri
1596 2851 1651 2882 ne
1689 2852 1758 2883 me
1795 2837 2042 2883 Herman-

136 2928 225 2958 nus
264 2928 318 2958 ne
357 2915 412 2957 mi
454 2914 512 2958 N.
542 2914 704 2958 Faber
832 2911 930 2958 123
970 2913 1015 2956 ni
1054 2917 1242 2956 aetatem
1285 2917 1400 2954 tuam
1442 2909 1659 2968 turpassis
1699 2908 1958 2953 uanitudiue
1985 2909 2040 2954 L.

137 3013 343 3056 Mueller
380 3013 436 3055 de
476 3024 526 3055 re
565 3028 624 3055 m.
652 3010 750 3054 421
902 3009 1001 3054 124
1042 3024 1148 3063 oro,
1189 3011 1292 3053 niue
1330 3009 1672 3053 Lachmannus
1709 3021 1789 3051 oro
1829 2983 1925 3065 (gro
1964 3005 2042 3064 W)

135 3083 194 3126 mi
230 3096 286 3126 ne
323 3082 435 3126 libri
562 3081 729 3140 plectas
770 3081 971 3126 Bolbius
1010 3080 1161 3125 flectas
1199 3081 1313 3125 libri
1398 3075 1577 3122 ‘flendi
1617 3091 1684 3122 me
1724 3076 2042 3136 prolixitudine

136 3167 219 3197 ms.
259 3151 418 3196 Pazat.
571 3151 666 3197 128
707 3151 836 3196 dccet
874 3155 1026 3196 suasit
1063 3152 1406 3196 Lachmmmus
1444 3153 1570 3192 uetet
1606 3149 1721 3192 libri
1844 3148 2040 3206 aegritu-

136 3223 237 3267 dine
276 3223 531 3267 Mercerus
568 3221 894 3281 aegritudinem
933 3223 1042 3266 libri
1187 3220 1285 3266 129
1326 3233 1434 3280 egre
1477 3218 1637 3262 Bamb.
1759 3217 2040 3262 malefactum

138 3294 240 3337 edd.
279 3293 390 3337 male
430 3291 568 3336 satum
605 3293 717 3337 libri
851 3291 948 3337 130
986 3293 1085 3336 An.-
1123 3293 1205 3336 hae
1241 3292 1278 3334 si
1318 3289 1447 3349 quis?
1591 3287 1685 3333 131
1732 3287 2041 3333 Octonarium

135 3364 387 3407 iambicum
427 3363 762 3408 catalecticum
796 3363 1010 3406 discribit
1035 3363 1088 3406 L.
1119 3362 1325 3407 Mueller
1349 3362 1407 3405 cle
1433 3373 1487 3404 re
1513 3374 1572 3402 m.
1600 3357 1702 3402 422
1817 3370 1871 3401 116
1898 3355 2038 3400 hilum

141 3433 418 3477 Scriuerius
457 3432 621 3477 neilum
660 3435 707 3476 in
747 3438 944 3476 mentem
982 3436 1111 3476 uenit
1147 3433 1200 3476 L.
1237 3431 1472 3476 Muellero
1510 3441 1628 3473 mus.
1664 3428 1819 3473 Rben.
1857 3427 2042 3472 XXIII

140 3502 237 3547 697
349 3497 549 3563 quando]
592 3506 677 3562 quai
718 3502 885 3546 Bamb.
1034 3502 1131 3547 133
1172 3500 1382 3560 quidnam
1421 3506 1496 3543 aut
1533 3499 1619 3543 hoc
1658 3498 1824 3545 Bamb.
1932 3496 2039 3556 quid

138 3572 332 3616 stridunt
372 3573 573 3618 Bothius
681 3572 768 3617 sori
803 3573 918 3616 libri
954 3571 1074 3616 fores
1114 3572 1283 3616 Iunius
