2299 3803
607 165 688 204 EX
720 165 1002 206 INCEJITIs
1034 163 1433 205 INCERTORVM
1464 162 1720 203 FABVLIS

967 293 1198 347 CXVIII
1239 291 1358 363 (40)

212 393 319 443 215
360 390 460 443 Sed
501 392 607 444 iam
648 410 700 442 se
742 392 886 443 caelo
929 390 1119 442 cedens
1160 389 1371 442 Aurora
1411 388 1643 440 obstinet

213 164 244 214 N>

249 164 280 216 Οἱ»

287 164 316 215 (s)

362 486 525 539 Sulim
565 491 786 556 1111110111.
953 527 957 533 .

996 581 1170 634 CXIX
1212 579 1332 651 (53)

362 680 540 747 Liber,
581 680 669 746 (1111
711 682 934 748 augusta
978 678 1108 731 haee
1148 679 1265 730 loca
1306 674 1645 744 Cithaeronis
1688 676 1817 729 colis

1090 788 1236 841 CXX

437 885 627 954 Rapite
669 886 812 954 agite
850 886 986 938 ruite
1029 886 1366 954 celeripedes!

1074 980 1250 1034 CXXI

362 1076 505 1129 louis
550 1081 815 1129 sacratum
856 1079 935 1129 ilis
976 1079 1260 1130 iurandum
1302 1078 1541 1147 szigmille

1060 1173 1262 1226 CXXII

210 1274 317 1322 2211
937 1271 1183 1322 frondem
1225 1289 1283 1322 ac
1326 1271 1481 1322 flores
1523 1269 1747 1337 addidit,

357 1354 499 1418 Non*
523 1367 697 1435 11111113,
737 1367 826 1418 sed
867 1368 1071 1419 1101111113
1112 1365 1391 1419 frondent-s
1429 1385 1606 1418 comas

961 1462 1192 1515 CXXIII
1235 1462 1354 1533 (23)

362 1558 535 1629 [Atos]
579 1561 634 1611 111
675 1562 989 1612 commitam
1028 1563 1239 1612 tauram
1278 1560 1525 1612 umbram
1565 1560 1705 1612 iacit.

321 1723 513 1763 CXVIII
545 1724 714 1762 Festus
747 1737 789 1775 p.
824 1725 902 1764 197
935 1724 993 1764 Μ.
1033 1724 1317 1764 ‘obstinet
1355 1721 1569 1762 dicebant
1600 1721 1802 1774 antiqui,
1843 1722 1961 1775 quod
1992 1735 2112 1763 1111110

208 1783 278 1819 est
309 1779 535 1828 ostendit,
567 1779 701 1818 utin
734 1780 1028 1819 ueteribus
1061 1779 1430 1819 carminibus:
1466 1778 1560 1818 sed
1592 1779 1720 1817 iam’
1754 1793 1792 1819 e.
1827 1792 1867 1831 q.
1902 1793 1938 1823 s.

207 1835 349 1876 CXIX
373 1836 593 1888 Apuleius
616 1835 782 1875 Florid.
809 1835 962 1875 XVIII
996 1839 1072 1875 ‘ut
1104 1836 1181 1876 ille
1214 1836 1440 1887 tragicus,
1475 1835 1618 1887 quiin
1641 1834 1823 1875 theatro
1847 1835 1939 1876 dici
1969 1836 2109 1876 facit:

207 1894 406 1932 Liber’
441 1906 479 1932 e.
505 1905 546 1944 (1,
569 1906 603 1933 s.
646 1893 713 1932 De
746 1892 939 1933 Bacchis
973 1893 1020 1931 in
1052 1889 1244 1932 Pacuuii
1276 1892 1475 1944 Antiopa
1507 1892 1725 1943 cogitaui.
1843 1892 1964 1931 CXX
1997 1891 2112 1933 Cen-

206 1950 382 1988 sorinus
414 1949 575 2000 fragm.
609 1961 644 1988 0.
680 1950 729 1988 15
761 1962 802 2000 p.
835 1949 888 1989 98
921 1949 1049 1990 Iahn.
1081 1947 1208 1999 (2727
1242 1947 1310 1998 P.)
1343 1947 1645 2000 ‘pyrrichiusz
1679 1949 1889 2000 rapite’
1924 1962 1963 1988 e.
1996 1962 2040 2001 q.
2073 1957 2108 1990 s.

206 2004 276 2044 Cf.
310 2004 487 2044 Pacuui
516 2006 605 2044 1110.
640 2004 732 2047 fab.
764 2005 841 2048 IV,
968 2004 1111 2046 CXXI
1143 2006 1314 2045 Festus
1345 2019 1387 2056 p.
1422 2006 1502 2045 321
1535 2004 1595 2045 Μ.
1629 2006 1909 2057 ‘sagmina
1939 2018 2127 2060 uocan—¹

205 2067 279 2100 tur
310 2062 563 2111 uerbenae,
604 2060 651 2100 id
684 2065 754 2100 est
784 2061 953 2102 herbae
987 2074 1147 2113 purae,
1187 2062 1294 2114 quia
1334 2075 1387 2101 ex
1423 2061 1521 2100 loeo
1554 2065 1715 2102 sancto
1748 2062 2025 2102 arcebantur
2055 2083 2110 2091 —-

207 2140 259 2144 ——
299 2117 373 2157 uel
415 2131 441 2156 a
482 2117 751 2167 sanciendo,
800 2117 847 2157 id
888 2123 959 2159 est
997 2117 1316 2159 confirmando.
1385 2117 1651 2158 Naeuius:
1694 2119 1779 2158 ius
1826 2122 2110 2159 sacratum

204 2175 358 2214 Iouis
398 2173 691 2214 iurandum
732 2175 1019 2226 sagmine.'
1079 2174 1251 2215 Paulus
1292 2188 1333 2227 p.
1366 2176 1448 2215 320
1478 2173 1539 2215 Μ.
1579 2175 1860 2225 ‘sagmina
1892 2175 2112 2216 dicebant

205 2230 372 2270 herbas
406 2231 657 2279 uerbenas,
699 2232 805 2282 quia
846 2244 901 2270 ex
940 2230 1040 2271 loco
1072 2235 1235 2271 sancto
1267 2231 1546 2271 arcebantur
1670 2230 1744 2270 uel
1786 2244 1813 2270 a
1844 2231 2119 2283 sanciendo,¹

204 2287 250 2325 id
285 2291 352 2326 est
385 2286 707 2331 confirmando,
767 2287 990 2328 Naeuius:
1032 2300 1192 2340 scopas
1234 2291 1371 2339 atque
1409 2287 1636 2326 uerbenas
1668 2287 1876 2339 sagmina
1907 2300 2108 2340 sumpse-

205 2347 340 2382 runt.’
394 2343 521 2382 Vnde
556 2344 700 2383 nostri
730 2356 888 2383 uersus
921 2349 1156 2385 auctorem
1186 2344 1409 2383 incertum
1442 2342 1539 2382 fieri
1569 2343 1800 2383 intellexit
1830 2343 1883 2384 Ο.
1915 2343 2106 2384 Muelle-

207 2412 302 2445 rus,
335 2399 453 2438 idem
486 2400 656 2439 senarii
687 2412 897 2439 numeros
929 2400 1143 2440 restituit.
1203 2400 1412 2451 Nugatur
1444 2403 1594 2439 autem
1626 2400 1958 2440 Klussmannus
1989 2413 2031 2451 p.
2055 2402 2107 2441 75

290 2454 458 2495 CXXII
482 2455 673 2496 CXXIII
696 2457 839 2496 Varro
861 2456 915 2496 de
938 2456 965 2495 1.
989 2457 1041 2500 L,
1065 2456 1151 2497 VII
1172 2458 1226 2496 24
1249 2455 1422 2496 ‘dictas
1446 2460 1639 2508 apparet
1666 2455 1893 2496 insulatas
1915 2455 2106 2506 hostias,

207 2511 324 2563 quod
354 2511 637 2563 uelamenta,
677 2512 747 2551 his
780 2526 802 2550 e
836 2511 942 2551 lana
975 2525 1091 2564 quae
1125 2512 1368 2561 adduntur,
1402 2511 1592 2555 infulae,
1642 2512 1802 2564 itaque
1834 2516 1928 2551 tum
1961 2513 2106 2565 quod

205 2567 269 2606 ad
304 2567 619 2620 sepulcrum
681 2568 889 2609 ferunt:
925 2568 1198 2609 frondem’
1233 2581 1270 2611 e.
1305 2582 1344 2620 q.
1380 2580 1413 2607 s.
1475 2564 1736 2621 ‘[CXXIII]
1780 2567 1932 2609 dicere
1966 2581 2105 2621 appa-

206 2628 275 2663 ret
314 2629 639 2664 cornuatam
681 2637 707 2663 a
748 2624 974 2664 cornibus.
1033 2637 1195 2664 cornua
1237 2638 1263 2663 a
1310 2637 1500 2664 curuore
1541 2623 1686 2674 dicta,
1727 2624 1844 2676 quod
1886 2624 2105 2678 pleraque

205 2683 378 2720 eurua.’
421 2679 549 2730 (non
579 2680 762 2720 lanas.
795 2680 919 2721 ideo
942 2681 1186 2721 Naeuius
1220 2681 1318 2720 ait:
1352 2680 1445 2733 sed
1478 2680 1704 2720 uelatas
1739 2680 1769 2720 f.
1793 2693 1829 2720 0.
1855 2681 1952 2722 cod.
1978 2681 2105 2733 Lips.

205 2741 250 2776 et
292 2736 365 2776 ed.
397 2736 556 2788 princ.)
610 2735 680 2778 Cf.
720 2737 1011 2776 Hermannus
1049 2737 1094 2776 in
1131 2737 1286 2789 Eurip.
1318 2735 1487 2779 Alcest.
1521 2751 1563 2788 p.
1596 2737 1715 2779 XIX.
1765 2737 1819 2777 In
1852 2736 1905 2777 fr.
1936 2736 2106 2778 CXXII

206 2794 411 2833 Orestem
442 2792 663 2845 intellego
696 2794 771 2846 qui
803 2794 945 2844 patris
969 2793 1255 2845 sepulchrum
1277 2793 1369 2834 suis
1393 2793 1620 2833 cincinnis
1647 2794 1851 2833 ornauit:
1887 2793 1941 2836 cf.
1968 2793 2103 2846 Soph.
2166 2835 2170 2837 .

205 2849 373 2889 Electr.
395 2851 477 2889 894
500 2863 591 2902 sqq.
618 2851 762 2890 Versu
786 2849 978 2890 CXXIII
1000 2849 1051 2890 Ο.
1075 2849 1298 2890 Muellero
1320 2849 1559 2889 uidebatur
1583 2849 1783 2890 Graecus
1806 2849 1879 2890 hic
1904 2850 2104 2890 redditus

347 3010 445 3057 215
487 3012 881 3070 Septenariorum
914 3014 1082 3072 frusta
1132 3015 1237 3059 olim
1280 3015 1623 3059 indicauerunt.
1771 3013 1870 3059 217
1910 3020 2101 3074 angusta

202 3083 351 3127 Luur.
485 3083 700 3128 ciceronis
741 3084 874 3128 scolis
914 3085 1032 3129 iclem
1201 3082 1300 3130 219
1340 3083 1458 3128 louis
1497 3090 1714 3128 sacratum
1759 3086 1828 3129 1113
1866 3083 2101 3129 iurandum

208 3153 258 3198 Ο.
287 3153 551 3198 Muellerus
588 3154 655 3197 ius
695 3161 913 3198 sacratum
954 3154 1071 3198 louis
1112 3154 1346 3200 iurandum
1387 3156 1488 3199 eocl.
1634 3154 1736 3202 220
1773 3154 1896 3199 addit
1933 3154 2099 3209 Haun.

310 3222 406 3267 221
448 3223 675 3268 frondenti
714 3222 834 3281 (scil.
865 3223 1004 3281 coma)
1042 3227 1219 3283 scripsi
1242 3224 1495 3270 frondentis
1520 3225 1631 3270 libri
1738 3223 1837 3269 222
1877 3225 1986 3269 Atos
2014 3240 2100 3270 om.

200 3294 312 3337 libri
417 3294 459 3337 in
498 3301 756 3338 cornuatam
796 3301 963 3339 tauram
1007 3294 1056 3339 Ο.
1087 3294 1351 3341 Muellerus
1388 3308 1555 3339 cornua
1603 3302 1775 3340 taurum
1811 3295 1924 3340 libri
1949 3296 2099 3353 pleri-

203 3377 293 3422 que
319 3377 483 3407 cornua
511 3371 741 3409 taurorum
774 3366 885 3410 Par.
916 3381 944 3410 (ι
982 3373 1168 3410 coruunt
1194 3380 1348 3410 aurum
1377 3365 1596 3424 Scaliqer
1622 3372 1879 3409 cornuatfnn
1906 3367 2009 3412 eod.
2039 3367 2100 3424 B,

205 3435 330 3491 quod
365 3436 470 3479 olim
502 3437 717 3492 praetuli
831 3437 910 3480 iaci
947 3436 1057 3481 libri
1094 3436 1219 3494 Iacit,
1258 3437 1374 3481 icere
1412 3441 1537 3495 paret
1576 3438 1831 3493 assumptis
1872 3436 2101 3482 Varronis

204 3503 346 3548 (110010
385 3512 566 3564 apparet
606 3505 821 3566 Seccliqer
