2294 3844
1000 201 1052 250 Q.
1088 199 1308 242 ENNIVS
2039 202 2107 252 45

206 332 313 382 210
352 327 513 381 Vct-ts
551 329 805 397 petebant
847 332 1034 397 pellem
1078 332 1376 382 inauratam
1419 331 1598 381 arietis

319 424 586 492 &folehsffi
627 426 847 494 imperio
889 428 1028 492 regis
1069 426 1267 494 Peliae,
1307 428 1400 494 per
1441 427 1634 477 dolum.

338 521 490 572 ‘Nam
533 527 823 590 numquam
864 542 951 574 era
993 542 1175 574 errans
1216 524 1331 573 1116st
1376 523 1532 573 domo
1575 524 1797 573 ecferret
1838 523 2022 590 podem

352 618 560 686 Medea,
601 619 778 670 aninlo
821 637 1003 687 aegra,
1044 620 1221 670 amore
1264 638 1423 670 saeuo
1466 619 1657 669 saucia.

205 769 241 796 c.
277 759 327 796 12
360 771 401 809 p.
436 759 516 797 237
550 757 626 798 Or.
661 756 814 809 (rhett.
849 760 972 799 Latt.
1008 771 1049 810 p.
1083 759 1187 808 415,
1219 760 1272 798 33
1303 757 1381 810 H.)
1421 762 1550 798 ‘cum
1591 763 1807 799 remotum
1843 760 1960 811 quod
1992 761 2106 800 ulte-

202 814 296 853 rius
328 827 460 866 qnam
494 815 609 853 satis
649 819 718 854 est
759 816 951 867 petitur,
984 820 1052 860 ut,
1094 815 1138 854 si
1180 816 1232 853 in
1264 828 1483 854 nemore
1518 815 1675 856 Pelio
1718 829 1821 855 non
1855 830 1913 856 ce
1931 817 2106 857 cidis—

204 874 331 909 sent
363 871 578 915 trabes,
612 871 696 911 hoc
728 871 879 911 scelus
912 872 1084 910 factum
1116 884 1204 910 non
1239 875 1396 910 esset.’
1431 872 1482 921 (i)
1529 872 1688 912 Cicero
1721 873 1774 911 de
1798 874 1969 915 inuent.
1996 875 2015 914 I
2036 876 2105 924 49,

203 929 254 966 91
289 925 572 966 ‘huiusmodi
606 933 674 968 est
706 927 788 967 illa
811 939 988 980 quoque
1013 927 1281 979 conquestio
1316 924 1418 980 [205
1443 926 1582 981 ,206];
1615 928 1796 980 longius
1829 930 1946 968 enim
1981 943 2107 982 repc-

203 984 290 1022 tita
322 987 418 1029 est,
452 995 586 1035 quam
619 996 690 1023 res
722 985 1022 1036 postulabat.’
1057 983 1123 1034 (k)
1174 983 1297 1022 Idem
1330 984 1486 1036 Topic.
1525 987 1588 1029 16,
1621 987 1672 1024 61
1716 985 1853 1024 ‘illud
1886 987 2003 1025 enim
2038 992 2107 1026 est

202 1044 429 1090 tamquam
469 1040 680 1078 utinam
722 1053 781 1079 ne
815 1041 869 1079 in
902 1053 1117 1080 nemore
1151 1039 1349 1080 Pelio)
1402 1040 1734 1092 (securibus
1782 1073 1791 1082 .
1819 1072 1828 1081 .
1855 1073 1863 1082 .
1911 1043 2107 1083 trabes

203 1095 350 1147 suppl.
392 1095 520 1135 codd.
557 1095 688 1147 aliq.)
745 1096 870 1135 ‘Nisi
903 1097 1023 1136 enim
1058 1097 1417 1136 accidissent
1461 1098 1738 1149 abiegnae
1787 1098 1853 1136 ad
1900 1103 2106 1138 terram

203 1152 416 1199 trabes,
449 1154 568 1203 Argo
600 1153 680 1191 illa
715 1153 843 1191 facta
874 1166 962 1192 non
996 1158 1139 1203 esset,
1177 1166 1262 1192 nec
1295 1158 1444 1193 tamen
1479 1154 1567 1193 fnit
1599 1156 1644 1193 in
1676 1154 1730 1193 iis
1765 1155 1972 1194 trabibus
2005 1155 2105 1194 effi-

203 1207 356 1247 ciendi
386 1209 458 1247 uis
491 1210 788 1248 necessaria.’
822 1207 872 1260 (l)
933 1210 1055 1249 Idem
1087 1209 1140 1248 de
1172 1214 1266 1248 nat.
1301 1209 1420 1249 deor.
1454 1210 1524 1250 ΙΙΙ
1555 1213 1628 1254 30,
1662 1212 1714 1250 75
1755 1212 1989 1250 ‘utinam
2023 1212 2104 1261 igi-

202 1268 300 1314 tur,
333 1267 383 1303 ut
413 1263 491 1303 illa
526 1278 639 1304 anus
671 1270 822 1317 optat,
863 1279 926 1305 ne
960 1267 1012 1305 in
1052 1278 1271 1305 nemore
1400 1267 1623 1309 trabes)
1656 1265 1732 1317 (m)
1786 1267 1911 1306 Idem
1946 1267 1999 1307 de
2034 1267 2104 1310 fin.

201 1321 221 1360 I
254 1322 298 1365 2,
340 1323 364 1360 5
405 1324 497 1360 ‘an
536 1322 747 1361 utinam
788 1335 852 1361 ne
893 1322 946 1361 in
989 1335 1206 1362 nemore
1248 1322 1391 1362 nihilo
1432 1325 1579 1362 minus
1618 1322 1807 1374 legimus
1848 1336 1983 1374 quam
2022 1324 2106 1364 hoc

201 1376 320 1416 idem
355 1376 603 1416 Graecum’
639 1392 675 1420 e.
710 1392 749 1430 q.
782 1391 816 1416 s,
852 1379 914 1427 (n)
967 1378 1091 1417 Idem
1123 1379 1256 1420 Τιιεο.
1291 1378 1406 1430 disp.
1440 1379 1459 1418 1
1491 1382 1566 1430 20,
1599 1381 1654 1419 45
1686 1382 1883 1419 ‘etenim
1918 1382 1955 1419 si
1986 1393 2106 1420 nunc

203 1432 379 1485 aliquid
413 1433 606 1486 adsequi
637 1447 685 1474 se
719 1439 902 1486 putant,
942 1435 1018 1486 qui
1051 1436 1218 1473 ostium
1251 1434 1388 1475 Ponti
1417 1435 1632 1475 uiderunt
1666 1440 1711 1475 et
1742 1448 1818 1476 eas
1850 1437 2104 1488 angustias,

204 1502 286 1541 per
318 1502 431 1540 quas
463 1492 732 1541 penetrauit
765 1504 818 1531 ea
851 1503 988 1542 quae
1023 1495 1107 1530 cst
1139 1492 1433 1530 nominata
1464 1493 1627 1543 Argo,
1663 1493 1789 1543 quia
1821 1492 2019 1544 Argiui
2052 1495 2103 1532 in

202 1559 263 1585 ea
297 1545 506 1586 dilecti
537 1547 644 1585 uiri
677 1547 838 1586 Vecti
869 1547 1144 1598 petebant
1175 1547 1377 1599 pellem
1413 1548 1732 1587 inauratam
1766 1550 2005 1588 arietis)
2041 1549 2102 1599 (o)

202 1602 508 1653 Hieronymus
548 1603 796 1643 Marcellae
836 1603 1004 1643 uiduae
1045 1603 1249 1656 epitaph.
1291 1603 1357 1654 (T.
1394 1605 1414 1643 I
1455 1617 1496 1656 p.
1527 1605 1580 1644 48
1621 1605 1689 1644 ed.
1724 1605 1941 1657 Antuer.p
1978 1606 2102 1656 1578)

203 1659 398 1711 ‘quibus
430 1660 681 1700 rectissime
714 1659 826 1699 illud
857 1660 1116 1698 Enni-mum
1149 1661 1300 1712 aptari
1331 1665 1509 1712 potest.
1559 1661 1793 1700 ‘utinam
1833 1674 1896 1701 nc
1929 1662 1981 1700 in
2014 1675 2102 1701 nc-

200 1727 343 1755 more
379 1714 574 1755 Pelio)
608 1715 672 1768 (p)
724 1715 1001 1756 Adluserunt
1035 1720 1278 1768 praeterea
1311 1717 1499 1757 Orosius
1530 1718 1551 1757 I
1587 1719 1636 1756 12
1678 1717 1807 1757 ‘nolo
1847 1719 2102 1758 meminisse

176 1771 428 1811 'Medeae
460 1784 640 1813 amore
673 1785 840 1813 saeuo
873 1773 1234 1820 sa11ciae’3et
1263 1773 1500 1813 Phaedrus
1521 1773 1583 1812 IV
1607 1776 1646 1826 7,
1680 1776 1705 1813 5
1738 1775 1886 1813 ‘etin
1921 1774 2101 1814 cothur-

201 1828 271 1867 nis
309 1827 460 1880 prodit
495 1830 706 1881 Aesopus
745 1830 891 1872 nouis.
954 1829 1177 1869 Vtinam
1223 1843 1322 1869 nec
1368 1841 1624 1882 umquamt
1665 1829 1814 1870 Pelii
1861 1832 2103 1870 nemoris

202 1885 332 1936 iugo
372 1885 543 1924 Pinus
584 1885 814 1938 bipenni
855 1885 1204 1926 concidisset
1253 1886 1577 1926 Thessalal’
1620 1899 1657 1926 e.
1689 1899 1730 1938 q.
1766 1900 1800 1927 s.
1871 1888 2103 1939 Expressa

203 1948 308 1980 sunt
342 1953 396 1979 ex
428 1941 658 1993 Euripidis
690 1942 809 1981 Med.
842 1955 885 1985 ιι,
920 1944 938 1980 1
975 1955 1040 1994 sq.

512 2004 615 2052 εἴθ’
648 2004 796 2078 ὤφελ’
825 2004 1009 2070 Ἀργοῦς
1039 2007 1103 2064 μὴ
1137 2006 1439 2054 διαπτάσθαι
1471 2011 1653 2065 σκάφος

509 2063 701 2136 Κόλῖων
734 2062 780 2115 ἐς
813 2071 927 2108 αὶαν
956 2067 1164 2116 κυανέας
1194 2066 1578 2123 Ξυμπληγάὸας,

508 2123 604 2177 μηδ
659 2138 710 2165 εν
742 2117 940 2165 νάπαισι
973 2124 1162 2193 Hal-[pv
1191 2128 1354 2166 πεσεῖν
1385 2139 1498 2166 ποτε

440 2186 445 2189 ’
509 2181 758 2246 τμηθεῖσα
782 2176 957 2247 πεύκη,
990 2175 1109 2253 μηδ’
1134 2175 1400 2245 ἐρετμῶσαι
1432 2178 1574 2248 χέρας

508 2230 698 2290 ανδρῶν
729 2230 981 2290 αριστέων,
1016 2236 1064 2301 οι
1094 2231 1146 2278 τὸ
1176 2234 1449 2305 πάγχρυσον
1481 2234 1642 2307 δέρας

510 2292 664 2345 Πελίᾳ
695 2291 952 2357 μετῇλθον.
1011 2287 1066 2336 οὐ
1098 2289 1186 2346 γὰρ
1217 2287 1280 2335 ἂν
1313 2287 1524 2336 δέσποιν’
1560 2289 1647 2348 ἐμὴ

508 2337 708 2417 Μήὸὲια
738 2346 947 2418 πύργους
977 2350 1062 2403 γῆς
1096 2344 1287 2418 ἐ’πλ,ευσ’
1315 2343 1545 2402 ’‘Irni-mac,

510 2402 645 2459 ἔρωτι
675 2401 839 2460 θυμὸν
871 2401 1143 2461 ἐκπλαγεῖσ’
1175 2400 1388 2454 Ἰάσονος
1418 2422 1458 2448 κ.
1492 2422 1530 2449 τ.
1563 2409 1601 2451 λ.

342 2571 444 2618 210
482 2573 599 2617 uecti
640 2587 695 2616 a:
734 2587 820 2617 om.
863 2571 976 2630 Erf.
1021 2572 1133 2616 Tur.
1166 2571 1333 2617 Bamh.
1369 2587 1398 2616 α
1430 2571 1580 2630 Opz‘tz.
1692 2572 1810 2616 illam
1850 2588 1904 2616 a:
1947 2572 2097 2630 Opitz.

200 2646 248 2688 in
287 2658 374 2702 my.
520 2641 618 2686 212
661 2656 734 2687 era
773 2658 828 2687 a:
867 2642 1036 2687 Bamb.
1079 2644 1104 2688 b
1142 2643 1308 2701 infra;
1352 2644 1462 2688 bed
1496 2642 1607 2701 (nisi
1642 2644 1769 2701 quod
1803 2657 1899 2687 acra
1940 2643 2100 2700 Par.);

200 2729 286 2759 om.
328 2729 384 2757 a:
422 2712 550 2757 Fris.
603 2713 807 2758 Wz‘rzeb.
846 2712 952 2757 hera
991 2715 1132 2773 uulyo
1258 2712 1391 2758 domo
1431 2728 1486 2757 a:
1525 2728 1609 2757 om.
1662 2713 1866 2758 Wirzeb.
1995 2714 2100 2758 hacc

201 2783 338 2828 ferret
377 2784 430 2827 b.-
493 2784 682 2828 Vindob.
725 2783 852 2828 Leid.
893 2782 939 2826 B
986 2783 1165 2828 efferret
1214 2782 1385 2841 (efferet
1422 2784 1550 2828 Leid.
1608 2782 1662 2841 V)
1701 2785 1733 2828 cl
1874 2798 2098 2843 nunquam

202 2853 305 2897 hera
344 2866 496 2897 errans
537 2867 630 2897 mea
677 2852 830 2898 medea
878 2853 1056 2898 efferret
1101 2852 1265 2913 pellem
1312 2853 1445 2898 domo
1486 2870 1541 2898 α.-
1590 2854 1757 2898 Bamb.
1800 2856 1825 2899 b
1873 2868 2098 2913 nunquam

201 2936 275 2967 era
314 2936 467 2967 errans
508 2936 602 2967 mea
639 2920 785 2981 (⁸3up.
826 2920 945 2981 lius)
996 2924 1150 2968 medea
1198 2924 1377 2968 ess'erret
1414 2923 1571 2983 pedem
1611 2924 1743 2968 domo
1788 2924 1937 2982 Opitz.
1988 2938 2098 2967 nun-

201 3007 332 3052 quam
371 3007 522 3038 errans
561 2993 712 3038 medea
751 2992 930 3037 efferret
967 2993 1126 3052 pedem
1158 3010 1214 3039 α.-
1251 2995 1380 3038 Fris.
1419 3008 1646 3053 nunquam
1685 3008 1778 3038 mea
1819 3008 1970 3039 errans
2010 3008 2099 3037 mc-

202 3063 282 3108 dea
321 3063 500 3109 efferret
537 3063 694 3123 pedem
734 3063 867 3108 domo
908 3079 962 3108 a:
1005 3064 1118 3109 Tur.
1268 3064 1366 3110 213
1407 3063 1533 3109 mede
1562 3058 1579 3126 ΙΙ
1608 3065 1752 3108 animo
1791 3078 1843 3109 c.-
1881 3065 2001 3109 Par.

201 3147 338 3194 aegro
380 3132 452 3193 (de
490 3149 518 3178 a
559 3135 666 3178 uide
704 3132 858 3191 infra)
897 3135 992 3178 bc:
1030 3135 1148 3179 Par.
1189 3133 1300 3191 Erf.
1342 3135 1516 3179 Gembl.
1619 3135 1782 3180 Totum
1821 3147 2011 3179 uersum
2049 3136 2094 3178 in

201 3219 230 3248 a
261 3207 432 3262 priore
468 3206 572 3250 loco
618 3207 831 3250 omittunt
873 3205 991 3249 Par.
1032 3203 1188 3262 (cuius
1239 3208 1285 3249 in
1329 3220 1418 3264 my.
1457 3204 1608 3249 Medea
1656 3218 1765 3264 egro
1811 3217 1959 3248 amore
1997 3217 2096 3248 sau-

201 3274 282 3331 cia)
325 3275 488 3320 Bamb.
515 3289 544 3318 α
567 3275 592 3318 b
636 3275 749 3320 Tur.
777 3272 889 3331 Erf.
931 3273 1098 3333 Opitz„
1140 3288 1290 3319 amore
1327 3288 1463 3319 saeuo
1503 3276 1646 3319 saucia
1686 3289 1771 3319 om.
1819 3274 1858 3318 Τ
1857 3285 1977 3318 ross,
2015 3275 2100 3318 sed

193 3352 391 3401 postea:
440 3342 701 3403 (Vtinam
747 3359 818 3390 ne
867 3358 970 3390 era
1010 3357 1230 3390 errans
1275 3357 1398 3390 mea
1437 3347 1480 3389 cl.
1524 3359 1562 3390 e.
1601 3343 1671 3402 p.)
1709 3342 1860 3387 medea
1901 3343 2094 3387 homodo

201 3427 336 3473 aegro
375 3428 526 3459 amore
563 3427 672 3458 reuo
711 3416 856 3460 saucia
882 3416 998 3460 Par.
1024 3429 1102 3472 pr.
1143 3430 1201 3459 m.
1242 3414 1390 3459 Medea
1429 3415 1563 3459 horno
1590 3427 1726 3472 aegro
1765 3426 1912 3456 amore
1950 3413 2094 3456 saucia

203 3484 313 3541 Ers.
361 3484 535 3529 medeas
583 3485 716 3529 homo
764 3498 899 3545 aegro
948 3498 1121 3529 amores
1169 3498 1278 3529 rcuo
1327 3485 1469 3528 sautia
1519 3480 1720 3527 Wirzeb.
1768 3481 1919 3525 medea
1958 3495 2093 3541 aegro

202 3567 351 3598 amore
388 3555 533 3598 saucia
574 3555 740 3600 Bamb.
769 3570 798 3599 a
828 3556 952 3600 Fris.
987 3555 1027 3598 T
1026 3570 1100 3600 ur.
1129 3555 1246 3599 Par.
1273 3569 1401 3600 corr.
1442 3552 1593 3597 medea
1632 3553 1776 3595 animo
1815 3565 1921 3611 egra
1948 3551 2092 3610 (aegra
