2294 3844
1017 184 1067 231 o.
1106 182 1322 222 1‹:NN1vs
2058 187 2089 236 2

2092 188 2125 235 :Ji

371 311 580 362 Arixilio
624 315 711 361 aut
756 312 872 362 exili
919 317 1006 362 mit
1052 316 1209 377 fugae
1252 316 1380 364 116111
1429 314 1563 364 sim?

363 405 515 457 'Arce
557 412 606 457 01
651 408 776 457 urbe
819 408 946 458 (311111
989 428 1119 459 siun.
1198 429 1301 476 quo
1344 410 1628 460 decedam?
1678 432 1780 477 qno
1824 415 2121 480 zipplicem'?

364 501 467 554 Ciu'
511 521 606 554 1100
656 522 776 554 arae
833 504 1036 571 pzitriae
1093 505 1234 557 domi
1285 509 1450 573 stant,
1506 508 1706 557 11110100
1766 512 1813 557 vt
1872 510 2121 560 (1151001116

1279 602 1478 669 iacent,

363 695 507 747 inna
554 696 763 747 flamma
807 696 1122 763 deflagrata,
1163 698 1292 749 tosti
1333 698 1426 749 alti
1469 702 1613 750 stant
1658 701 1883 767 pairictes

254 794 323 843 8()
364 793 662 845 Deformati
704 795 861 859 atquc
904 793 1074 844 abiete
1116 794 1289 862 crispa

528 970 532 971 ⁷
1154 928 1181 957 ἷξε

509 987 552 1036 Ο
594 986 759 1052 priter,
800 1004 830 1036 o
871 986 1067 1054 patria,
1110 1006 1138 1038 o
1179 985 1379 1039 Priami
1423 988 1633 1056 domus,

512 1080 768 1149 Saeptum
808 1082 1037 1134 1111150110
1081 1082 1295 1135 cardine
1337 1085 1618 1152 templum!

511 1177 635 1230 Vidi
677 1179 776 1247 ego
818 1181 868 1229 10
911 1182 1120 1231 astante
1163 1199 1261 1248 ope
1304 1181 1583 1233 barbarica

215 1347 304 1382 tam
339 1342 592 1395 egregium!
641 1354 910 1394 quamquam
953 1345 1008 1384 ab
1049 1343 1118 1383 his
1158 1344 1425 1384 cantoribus
1456 1344 1760 1397 Euphorionis
1801 1347 2120 1387 contemnitur.

213 1400 363 1438 Sentit
395 1399 546 1438 omnia
579 1399 822 1451 repentina
857 1404 900 1439 et
932 1401 1207 1453 necopinata
1240 1413 1339 1440 esse
1373 1401 1601 1453 grauiora.
1645 1402 1953 1454 Exaggeratis
1984 1403 2123 1455 igitur

212 1456 376 1508 regiis’
413 1454 497 1507 (sic
528 1458 631 1507 post
661 1456 900 1496 Dauisium
936 1457 1307 1509 IVesenbergius.
1362 1459 1533 1508 ‘regis’
1569 1459 1729 1511 optimi
1761 1457 1883 1511 libri)
1917 1461 2119 1512 ‘opibus,

212 1525 328 1564 qnae
360 1512 639 1552 uidebantur
672 1513 975 1565 sempiternae
1013 1514 1130 1564 fore,
1165 1513 1273 1565 quid
1305 1514 1544 1566 adiungit?
1582 1512 1789 1568 [so—88]
1826 1516 2121 1556 Praeclarum

213 1570 418 1608 carmon!
468 1572 537 1608 est
571 1569 689 1608 enim
722 1574 766 1609 et
799 1569 935 1610 rebus
968 1573 1013 1610 et
1043 1570 1197 1610 uerbis
1230 1575 1273 1610 01
1307 1570 1447 1610 modis
1482 1571 1706 1623 lugubre)
1768 1573 1891 1614 Idem
1925 1573 1977 1612 dc
2012 1579 2121 1612 orat.

210 1625 278 1664 111
308 1628 377 1676 47,
413 1627 491 1665 183
525 1629 697 1677 ‘paeon
735 1657 743 1664 .
771 1657 814 1666 ..
853 1639 934 1679 par
977 1626 1071 1667 fere
1114 1627 1304 1677 cretico,
1348 1628 1422 1679 qui
1462 1632 1533 1668 est
1575 1641 1629 1669 ex
1668 1629 1803 1682 longa
1837 1634 1880 1668 01
1912 1629 2039 1669 breui
2074 1633 2122 1669 01

211 1682 371 1734 longa,
412 1686 463 1721 ut
506 1679 627 1735 [75]’
668 1682 857 1722 laudata
896 1682 976 1722 illa
1015 1682 1176 1723 Rufino
1223 1683 1276 1722 de
1325 1687 1452 1723 metr.
1494 1698 1537 1737 p.
1570 1686 1680 1724 2716
1712 1686 1765 1725 Ρ.
1799 1685 1952 1737 (rliett.
1995 1687 2121 1726 Latt.

212 1752 252 1791 p.
275 1740 356 1780 578
379 1738 457 1790 H.)
502 1737 664 1778 Cicero
696 1738 750 1779 de
784 1746 896 1780 orat.
928 1740 998 1780 III
1031 1741 1107 1790 26,
1143 1741 1220 1781 101
1254 1739 1513 1793 (postquam
1546 1741 1600 1782 de
1632 1742 1797 1783 Roscio
1832 1742 2000 1783 dictum
2037 1745 2122 1794 est)

213 1795 380 1848 ‘quid‘?
414 1794 488 1835 ille
523 1794 662 1835 alter:
696 1796 822 1848 quid
857 1800 1039 1849 petam
1071 1796 1358 1849 praesidi?
1391 1810 1523 1849 quam
1546 1798 1726 1847 leniter,
1764 1812 1895 1851 quam
1918 1800 2121 1849 remisse,

212 1865 344 1904 quam
377 1864 463 1892 non
498 1853 708 1892 actuose!
742 1854 885 1893 instat
918 1853 1036 1893 enim
1070 1850 1183 1906 [81]:
1217 1853 1263 1893 in
1296 1866 1382 1905 quo
1415 1858 1549 1894 tanta
1573 1856 1847 1896 commoneri
1879 1856 2001 1896 actio
2034 1869 2122 1895 non

212 1912 383 1961 posset,
421 1909 459 1948 si
493 1912 615 1948 esset
649 1915 918 1962 consumpta
941 1911 1174 1962 superiore
1198 1914 1320 1950 motu
1354 1914 1398 1950 et
1421 1911 1676 1952 exhausta)
1720 1912 1907 1952 Seruius
1940 1913 1986 1952 in
2009 1913 2119 1952 Aen.

211 1966 255 2005 11
288 1966 367 2004 241
411 1968 461 2004 (ο
494 1966 708 2017 patria:
748 1978 908 2006 uersus
942 1967 1214 2007 Ennianus.’
1278 1966 1440 2007 Cicero
1475 1967 1604 2010 Orat.
1637 1970 1706 2019 27,
1739 1971 1792 2009 93
1834 1968 1951 2009 ‘alio
1991 1969 2122 2010 modo

211 2020 451 2061 transtulit
491 2034 592 2060 cum
633 2021 745 2061 dixit
782 2023 958 2063 Ennius
998 2036 1126 2063 arce
1168 2027 1222 2063 et
1253 2023 1387 2064 urbe
1421 2025 1552 2065 orba
1583 2037 1717 2076 sum,
1760 2025 1852 2066 alio
1884 2025 2038 2074 modo,
2084 2027 2124 2065 si

212 2091 292 2130 pro
328 2078 479 2130 patria
513 2091 664 2118 arcem
695 2079 922 2121 dixisset.’
965 2079 1088 2119 Idem
1120 2079 1173 2118 de
1207 2084 1319 2119 orat.
1353 2080 1422 2120 III
1444 2082 1518 2129 58,
1541 2083 1621 2121 217
1657 2080 1831 2121 ‘aliud’
1868 2081 2014 2132 (uocis
2046 2095 2122 2134 ge-

212 2147 295 2174 nus
333 2135 421 2174 sibi
461 2135 614 2185 sumit)
655 2135 917 2176 ‘miseratio
964 2150 1018 2175 ac
1057 2149 1253 2176 maeror:
1295 2136 1522 2186 flexibile,
1564 2138 1768 2189 plenum,
1800 2139 2121 2190 interruptum,

211 2190 352 2231 flebili
382 2204 496 2231 uoce
623 2195 667 2231 et
696 2191 779 2231 illa
803 2189 890 2244 [81]
924 2197 970 2232 et
1003 2205 1117 2244 quae
1151 2196 1401 2245 sequuntur
1433 2191 1519 2245 [86.
1546 2192 1652 2246 87].’
1697 2194 1820 2234 Idem
1843 2195 1980 2235 Tusc.
2005 2194 2119 2247 disp.

210 2249 232 2288 I
261 2249 339 2297 35,
371 2249 424 2288 85
457 2247 709 2287 ‘Priamum
740 2279 748 2288 .
777 2279 785 2287 .
812 2279 822 2289 .
851 2248 1034 2289 hostilis
1066 2261 1225 2289 manus
1257 2250 1503 2292 interemit,
1565 2251 1653 2290 Hic
1694 2251 1732 2289 si
1764 2251 1883 2290 uiuis
1915 2249 2022 2290 filiis
2054 2252 2119 2290 in-

212 2304 375 2344 columi
415 2316 555 2356 regno
596 2304 840 2346 occidisset
874 2309 1099 2346 astante
1134 2319 1232 2358 ope
1272 2306 1575 2347 barbarica
1609 2304 1717 2360 [84]‚
1761 2311 1906 2346 utrum
1941 2307 2121 2347 tandem

211 2373 238 2400 a
269 2361 401 2400 bonis
434 2373 492 2400 an
523 2374 550 2400 a
581 2361 715 2401 malis
747 2361 1068 2403 discessisset?
1119 2363 1231 2403 Tum
1273 2362 1479 2415 profecto
1519 2363 1754 2404 uideretur
1793 2377 1817 2403 a
1856 2364 2001 2404 bonis.
2063 2365 2123 2404 At

213 2421 336 2457 certe
369 2417 412 2457 ei
442 2417 603 2457 melius
637 2418 889 2468 euenisset,
930 2431 1015 2459 nec
1056 2423 1151 2465 tam
1193 2418 1408 2459 flebiliter
1446 2419 1527 2460 illa
1568 2424 1843 2460 canerentur
1877 2417 2121 2474 [86—88].'

212 2472 399 2514 Seruius
430 2474 477 2513 in
508 2475 617 2516 Aen.
649 2475 670 2514 Ι
703 2476 783 2515 727
826 2475 1023 2527 ‘legitur
1064 2480 1108 2515 et
1150 2475 1496 2518 lacuaribus.
1559 2476 1719 2516 Cicero
1759 2477 2122 2516 'l‘usculanarum

215 2527 346 2583 [8112
402 2529 564 2570 Cicero
597 2531 732 2572 Tuse.
756 2525 880 2584 disp.
914 2532 983 2572 111
1016 2533 1091 2581 22,
1125 2534 1178 2572 53
1211 2532 1284 2571 ‘hi
1315 2535 1530 2584 poterant
1563 2546 1715 2573 omnes
1748 2533 1905 2573 eadem
1936 2533 2018 2572 illa
2049 2533 2121 2572 de’

213 2593 378 2638 (quae
412 2587 651 2628 Dobraeus
684 2587 873 2628 Aduers.
904 2590 947 2629 11
981 2590 1082 2629 373:
1116 2588 1196 2629 sed
1228 2593 1351 2629 recte
1385 2589 1582 2630 contulit
1612 2591 1822 2630 Baiterus
1861 2589 1914 2629 de
1948 2590 2023 2630 off.
2053 2591 2122 2630 111

319 2773 382 2819 76
411 2774 572 2818 auxilio
600 2779 676 2817 aut
702 2773 803 2818 exili
832 2776 1020 2833 scripsi.
1050 2774 1211 2820 auxilio
1240 2775 1357 2820 exilii
1380 2777 1499 2837 Rey.
1524 2776 1642 2823 Gud.
1667 2778 1829 2823 Brux.
1858 2774 1978 2834 (exili
1998 2776 2121 2821 Pitlz.

214 2845 364 2889 Bern.
407 2858 513 2889 cum
552 2847 726 2889 ceteris
768 2843 952 2901 Orelliz',
1007 2844 1267 2904 Bentleius)
1307 2847 1497 2906 auxilio,
1543 2861 1629 2892 om.
1671 2848 1798 2905 exili,
1840 2849 1972 2893 codd.
2012 2849 2120 2906 aliq.

213 2921 290 2959 aut
327 2915 488 2959 auxilio
529 2913 630 2959 exili
671 2915 722 2960 G.
764 2915 1083 2980 Hermccnnus
1118 2917 1268 2963 Elem.
1308 2919 1352 2962 cl.
1393 2933 1450 2962 m.
1483 2933 1535 2976 p.
1577 2917 1676 2965 205
1718 2920 1847 2976 Epit.
1878 2934 1932 2977 p.
1973 2918 2036 2964 81

213 2986 344 3046 fugae
372 3000 494 3030 unus
526 2984 693 3042 Oxou„
725 2986 972 3032 Bentleius
1009 2986 1115 3046 suga
1143 2991 1293 3032 ceteri
1315 2989 1427 3033 libri
1463 2988 1583 3048 fugai
1612 2989 1855 3050 Berylcius
1887 2990 1944 3034 de
1971 3001 2118 3034 carm.

214 3055 314 3101 Sal.
351 3071 399 3113 p.
438 3056 537 3113 XI,
587 3059 669 3116 91ιὶ
713 3060 955 3102 senarium
990 3061 1244 3116 proposuit
1389 3059 1451 3104 77
1501 3073 1645 3104 arcem
1695 3065 1738 3104 et
1790 3059 1942 3103 urbem
1990 3058 2120 3103 orbas

229 3127 372 3171 Viteb.
400 3127 536 3172 Ez'ns.
563 3127 736 3172 Dresd.
778 3130 862 3173 alii
896 3130 943 3173 in
983 3134 1106 3173 orat.
1147 3135 1299 3173 arcent
1339 3128 1492 3173 urbem
1533 3129 1681 3174 orbam
1710 3131 1904 3175 Abrinc.
1944 3130 2049 3173 ibid.

213 3196 414 3242 accedam
452 3198 565 3242 libri
602 3199 783 3256 optimi,
828 3198 1076 3244 Bentleius
1113 3198 1303 3243 accidam
1338 3200 1482 3244 Bern.
1511 3201 1552 3245 h.
1583 3215 1730 3258 corr.,
1772 3202 1898 3258 nula.
1931 3199 2118 3244 Cretica

213 3268 341 3312 illius
378 3281 564 3326 quoque
597 3268 790 3326 formae
827 3282 1053 3315 mensura
1166 3269 1229 3315 78
1270 3270 1398 3329 palri'
1438 3271 1688 3315 Bentlez'us
1801 3270 1863 3314 79
1904 3269 1974 3312 alii
2010 3271 2122 3314 libri

214 3339 376 3395 optimi
470 3337 538 3384 80
564 3337 732 3398 abiecte
762 3339 879 3385 Gud.
910 3338 1054 3395 abjete
1081 3340 1326 3400 Bergylcz'us
1351 3342 1552 3398 Epkem.
1580 3342 1737 3386 Mccrb.
1766 3339 1894 3385 1851
1918 3354 1972 3396 p.
2003 3338 2121 3384 220.

216 3406 311 3452 Sed
347 3407 414 3465 cf.
455 3408 798 3454 Lackmanmcs
835 3413 883 3454 in
922 3411 1067 3455 chcr.
1107 3410 1169 3455 II
1198 3411 1294 3457 991
1443 3411 1648 3457 81—88
1689 3412 1869 3455 solutos
1906 3422 2119 3473 (wasme,-

215 3482 310 3522 stos
349 3481 542 3536 agnouit
582 3479 634 3524 G.
671 3481 986 3526 Hermannus
1024 3481 1174 3527 Elem.
1215 3483 1259 3526 d.
1299 3497 1355 3526 m.
1392 3496 1445 3539 p.
1486 3481 1585 3527 389
1766 3479 1830 3524 83
1871 3478 2118 3524 adstantem

215 3549 376 3603 optimi
410 3548 523 3593 libri
563 3549 702 3595 Tusa.
742 3550 827 3596 III
867 3550 927 3596 19
