2294 3844
195 221 255 271 ‘IS
750 246 755 250 -
947 223 1005 262 M.
1040 221 1336 264 PACVVIVS

1036 350 1113 402 VI
1155 349 1238 421 (2)

232 452 295 498 lo
337 447 598 499 Frendere
641 452 845 515 noctes‘,
886 445 1078 498 nn‘sera
1120 466 1250 515 quas
1290 449 1540 516 perpessa
1580 467 1696 500 suni

1022 542 1130 595 VII
1171 542 1253 614 (3)

338 684 345 692 .
387 641 567 709 fruges
609 640 797 692 frendo
841 641 950 691 sola
994 641 1105 691 saxi
1145 640 1349 692 robore.

1005 735 1139 788 VIII
1179 735 1262 807 (7)

337 876 343 883 .
389 876 395 883 .
439 875 447 883 .
491 875 498 883 .
543 875 550 883 .
595 876 602 883 .
646 875 653 883 .
697 875 705 883 .
749 834 827 884 sol
869 835 912 884 si
951 834 1208 901 perpetuo
1251 833 1371 901 siet,

334 928 374 979 F
380 930 604 980 lainnneo
646 930 844 997 uapore
885 932 1094 981 torrens
1133 931 1306 981 terrae
1346 929 1516 981 fetum
1557 930 1835 981 exiisserit:

333 1024 493 1076 Nocti
534 1026 588 1076 ni
629 1026 973 1095 inter-ueniat,
1013 1028 1220 1078 fructus
1261 1028 1354 1094 per
1394 1027 1642 1094 pruinam
1683 1024 2030 1096 obriguerint.

228 1220 292 1270 15
332 1216 808 1287 Minitabiliterque
849 1217 1124 1287 increpare
1166 1217 1321 1270 dictis
1363 1219 1534 1270 saeuis
1575 1216 1777 1287 incipit.

336 1410 530 1464 Nonne
571 1409 697 1464 ln'nc
738 1430 834 1464 uos
874 1430 1097 1481 propere
1139 1432 1169 1464 a
1210 1413 1433 1475 stabulis
1476 1410 1810 1464 amolimini?

191 1545 339 1597 gulari
379 1557 561 1586 numero
600 1545 804 1598 uigiliam
847 1545 1131 1597 significare'
1166 1542 1346 1598 (uolunt
1386 1545 1714 1599 grammatici),
1757 1549 1834 1585 ‘ut
1863 1545 2092 1586 Pacuuius

185 1603 231 1641 in
267 1603 467 1654 Antiopa
500 1602 614 1642 dixit
652 1606 744 1643 ...³
862 1603 936 1644 VI.
969 1602 1055 1643 VII
1085 1602 1197 1642 Non.
1230 1603 1328 1655 447,
1363 1605 1413 1643 16
1453 1603 1741 1643 ‘frendere
1781 1602 1952 1642 alicubi
1991 1615 2091 1642 cum

191 1660 365 1707 gemitu
397 1658 473 1698 uel
513 1658 754 1698 iracundia
793 1659 1005 1698 miserum
1046 1663 1125 1698 aut
1155 1659 1308 1699 minax
1347 1673 1509 1699 sonare
1635 1659 1865 1698 Pacuuius
1893 1659 2092 1711 Antiopa

192 1712 297 1768 [VI]
331 1714 521 1755 Plautus
646 1715 875 1756 Pacuuius
906 1715 1135 1768 Anthiopa
1169 1713 1317 1769 [VII]’
1434 1716 1542 1757 VIII
1573 1717 1716 1757 Varro
1752 1715 1807 1754 dc
1839 1727 1885 1754 re
1918 1715 2091 1755 rustica

191 1771 212 1810 Ι
244 1774 283 1821 2,
315 1774 339 1811 5
374 1775 455 1811 ‘en
488 1773 579 1811 ibi'
614 1772 693 1821 (sc.
727 1772 774 1811 in
804 1771 1063 1824 regionibus
1096 1771 1552 1824 septentrionalibus)
1587 1776 1661 1810 ‘tu
1693 1772 1930 1824 quicquam
1963 1772 2093 1811 nasci

190 1833 323 1880 putas
365 1841 497 1880 posse
540 1832 619 1868 aut
658 1828 743 1868 coli
782 1830 968 1867 natum?
1028 1828 1192 1867 Verum
1241 1830 1359 1869 enim
1408 1835 1476 1869 est
1521 1828 1633 1868 illud
1673 1828 1883 1868 Pacuuii:
1924 1827 2004 1868 sol
2044 1828 2089 1868 si

184 1889 467 1937 perpetuo
510 1885 604 1932 sit,
646 1888 739 1923 aut
777 1897 901 1935 nox,
947 1884 1200 1925 flammeo
1250 1898 1459 1938 uapore
1508 1890 1600 1924 aut
1648 1885 1863 1936 frigore
1908 1888 2090 1925 terrae

192 1941 417 1981 fructus
449 1953 634 1981 omnes
665 1941 940 1980 interire.'
994 1940 1225 1992 (Pacusi
1255 1942 1476 1982 Politiani
1507 1942 1609 1982 libri
1642 1941 1961 1981 flammineo
1992 1941 2092 1981 Ien-

193 1998 387 2037 soniana
419 1997 704 2037 Bruschiana
725 1997 1027 2038 Bononiensis
1049 1998 1294 2050 Regiensis
1317 1999 1417 2038 edd.
1496 1999 1708 2038 fructos
1739 1997 1958 2038 Politiani
1986 1996 2091 2038 libri

295 2055 464 2094 omnis
504 2053 809 2105 Bruschiana)
851 2053 974 2094 Idem
1015 2054 1069 2094 de
1102 2054 1130 2097 l.
1165 2054 1192 2094 l.
1225 2054 1289 2096 VI
1320 2057 1344 2096 6
1375 2055 1435 2095 Μ.
1477 2059 1630 2108 ἠοΧ,
1673 2053 1792 2108 quod
1829 2057 1879 2093 ut
1920 2053 2091 2094 Catu·

181 2109 292 2150 lus’
325 2109 623 2163 (Catullus
659 2110 793 2151 Goth.
827 2111 975 2151 Haun.
1007 2110 1293 2151 Pacuuius
1325 2110 1552 2164 Scaliger)
1587 2113 1702 2160 ‘ait,
1738 2111 1940 2161 omnia,
1973 2109 2091 2150 nisi

181 2169 537 2206 interueniat
577 2167 679 2217 sol,
721 2168 918 2219 pruina
957 2168 1335 2220 obriguerint,
1383 2168 1500 2220 quod
1538 2172 1694 2218 nocet,
1734 2170 1852 2207 nox)
1922 2167 2090 2208 Festus

180 2237 220 2276 p.
253 2225 333 2264 352
366 2224 425 2263 M.
469 2227 719 2263 ‘torrens
761 2224 1117 2276 participialiter
1156 2237 1236 2277 pro
1276 2237 1470 2265 exurens
1510 2225 1719 2278 ponitur,
1765 2227 1815 2262 ut
1857 2227 1927 2263 cst
1968 2222 2090 2276 apud

180 2280 478 2319 Pacuuium
510 2280 562 2319 in
597 2280 838 2332 Antiopa
869 2277 986 2333 [13j’
1014 2281 1261 2321 Suetonius
1283 2285 1414 2333 prato
1446 2281 1566 2334 apud
1588 2280 1813 2321 Isidorum
1836 2279 1892 2319 de
1923 2284 2089 2320 natura

181 2349 327 2376 rerum
360 2350 461 2388 cap.
483 2338 537 2376 44
568 2350 608 2389 p.
633 2338 686 2376 74
718 2337 786 2376 ed.
818 2337 871 2379 G.
894 2337 1072 2377 Becker
1103 2336 1180 2388 (cf.
1217 2337 1422 2377 eiusdem
1452 2337 1583 2390 proll.
1615 2350 1657 2389 p.
1681 2336 1788 2376 XVI
1811 2349 1875 2388 sq.
1910 2340 1956 2376 et
1979 2336 2084 2376 Sue-

183 2394 283 2432 toni
321 2392 542 2444 reliquiae
587 2392 656 2434 ed.
697 2392 1030 2433 Reifferscheid
1070 2407 1112 2446 p.
1153 2393 1253 2444 244)
1296 2398 1544 2434 ‘torrens
1583 2394 1768 2443 fluuius,
1813 2392 1889 2444 qui
1931 2392 2090 2446 pluuia

183 2450 371 2499 crescit,
421 2449 631 2488 siccitate
673 2450 910 2499 torrescit,
949 2449 992 2488 id
1038 2454 1107 2489 est
1140 2450 1328 2501 arescit,
1371 2450 1425 2491 de
1460 2463 1545 2502 quo
1576 2449 1857 2490 Pacuuius
1899 2447 2089 2502 (pacu-

182 2505 307 2544 bius
338 2505 494 2544 Bamb.
527 2506 866 2557 pacuuisius
899 2506 979 2545 ait
1009 2505 1142 2546 Bodl.
1166 2506 1307 2546 Basil.
1343 2504 1376 2546 C
1409 2511 1457 2547 et
1486 2504 1567 2560 D):
1601 2506 1855 2546 flammeo
1887 2518 2088 2558 uapore

182 2566 401 2601 torrens
432 2564 642 2601 torret.'
702 2561 876 2602 Eadem
917 2561 1056 2602 habet
1093 2562 1293 2603 Isidorus
1334 2562 1459 2615 Orig.
1501 2563 1614 2604 XIII
1654 2564 1728 2613 21,
1773 2561 1860 2602 huc
1901 2561 2086 2602 rettulit

178 2617 416 2665 Areualus,
440 2630 523 2658 nec
546 2617 807 2670 refragatur
830 2618 880 2658 G.
903 2618 1100 2658 Becker:
1125 2618 1296 2659 frustra
1317 2619 1424 2659 olim
1446 2619 1667 2659 dissuasit
1690 2619 1843 2659 Herm.
1874 2619 2090 2671 Langen-

181 2676 338 2726 siepen
370 2687 481 2714 mus.
510 2674 655 2717 Rhen.
691 2674 726 2713 V
758 2676 853 2714 251.
914 2674 979 2713 ΙΧ
1010 2675 1120 2717 Non.
1155 2677 1247 2725 139,
1283 2677 1335 2716 23
1367 2675 1802 2716 ‘minitabiliter
1833 2688 1911 2727 pro
1943 2675 2089 2714 mina·

325 2830 388 2876 10
426 2838 601 2875 noctem
641 2846 722 2876 ms.
762 2832 913 2877 Fabri
1042 2833 1238 2876 miserias
1280 2846 1388 2892 quas
1427 2845 1511 2877 ms.
1552 2832 1706 2877 Fabri
1756 2833 1938 2876 miseras
1978 2845 2086 2892 quas

182 2902 252 2945 ecl.
298 2900 430 2947 1480
470 2903 652 2961 misera,
694 2916 805 2962 quae
833 2902 1034 2947 Botkius
1063 2902 1090 2946 2
1201 2917 1299 2947 sum
1337 2903 1510 2948 Aldina
1549 2909 1655 2948 runt
1689 2916 1774 2948 ms.
1802 2902 1956 2947 Fabri
1989 2915 2087 2947 rum

183 2974 332 3015 ceteri
365 2972 476 3016 libri
655 2974 714 3017 11
758 2973 986 3018 Fortasse
1024 2974 1332 3019 ditrochaeus
1368 2975 1428 3019 ab
1476 2976 1608 3019 initio
1652 2974 1796 3018 deest.
1931 2961 2086 3032 fruges

180 3041 350 3086 Aldina
391 3042 521 3101 fruge
559 3043 669 3088 libri
798 3043 891 3087 sola
930 3045 1019 3088 saxi
1067 3042 1230 3089 robore
1282 3044 1567 3090 Welclcerus
1615 3045 1647 3088 l.
1689 3045 1720 3088 l.
1759 3058 1807 3102 p.
1852 3042 1951 3089 817
1991 3041 2084 3086 sola

181 3154 318 3199 sacsic
357 3153 549 3213 proborc
586 3155 721 3207 libri,
762 3159 854 3200 nisi
889 3157 1016 3215 qaod
1050 3124 1240 3215 probiire
1290 3157 1350 3202 W
1383 3156 1503 3202 solas
1547 3157 1638 3201 saxi
1676 3154 1838 3200 robore
1880 3156 2084 3201 Vossius.

182 3225 254 3268 An
293 3224 390 3269 solo
430 3239 467 3269 s.
509 3225 575 3268 r.?
702 3232 833 3284 atque
873 3226 1028 3286 fruges
1067 3226 1222 3271 frende
1260 3241 1297 3272 s.
1337 3241 1375 3275 s,
1415 3241 1451 3271 r.
1493 3240 1644 3272 aereas
1680 3226 1895 3285 Unyerus
1932 3226 2084 3270 electi.

183 3297 288 3339 crit.
326 3309 376 3352 p.
423 3295 483 3341 13
525 3295 677 3355 fruges
718 3294 931 3340 srcndcbo
971 3296 1026 3354 (s.
1068 3296 1294 3355 frendeto)
1332 3296 1477 3342 solido
1516 3311 1553 3342 s,
1591 3311 1626 3340 r.
1666 3296 1719 3340 L.
1758 3296 1965 3341 Mueller
2001 3309 2087 3340 an-

181 3366 298 3410 nall.
321 3366 503 3422 philoll.
536 3365 668 3412 1867
692 3380 739 3424 p.
767 3364 865 3410 491
982 3365 1043 3410 12
1083 3367 1169 3410 siet
1200 3367 1398 3412 Baebius
1437 3367 1494 3412 sit
1537 3367 1689 3412 Varro
1802 3365 1864 3411 13
1906 3371 2083 3410 torrens

185 3441 325 3479 torret
360 3433 539 3481 Isidori
572 3437 684 3481 libri
715 3441 916 3494 utroque
950 3438 1054 3482 loco
1197 3435 1259 3480 14
1299 3437 1542 3496 Scalz‘yero
1579 3437 1702 3481 (luce
1743 3437 2089 3481 reconcinnaui

184 3507 229 3548 in
272 3504 398 3549 Coni.
433 3521 486 3563 p.
517 3506 542 3550 7
658 3506 720 3552 15
762 3519 848 3565 quc
886 3505 1146 3552 Merceras
1187 3520 1297 3566 quae
1337 3508 1450 3552 libri
1555 3506 1699 3551 «licitis
1740 3507 1883 3550 secuis
1922 3506 2048 3551 Leicl.

292 3574 352 3619 16
393 3589 413 3617 a
457 3578 528 3621 uel
568 3589 589 3620 e
634 3576 981 3632 Buecheleras,
1026 3593 1110 3621 om.
1153 3578 1266 3621 libri
