2294 3844
220 207 317 249 LVI
951 196 1385 243 COROLLARIVM

215 322 424 406 aliquid.
481 336 629 388 Nihil
669 336 832 403 igitur
871 333 1113 401 impedit,
1155 333 1282 401 quin
1322 332 1495 399 priore
1536 350 1689 384 versu
1728 350 1829 385 csse
1868 333 2109 399 supplea—

216 435 314 479 tur.
394 424 677 493 Proposuit
724 423 1074 474 Buechelerus
1122 425 1330 490 praeter
1369 439 1451 487 ea,
1492 439 1625 490 quae
1673 421 1729 472 in
1770 420 2110 472 adnotatione

221 516 360 578 dedi,
377 582 382 584 .
400 514 560 566 etiam
600 513 738 564 hunc
781 511 1048 563 senarium

566 602 690 653 deos
731 599 992 667 mortalis,
1034 598 1292 665 Phoenix,
1334 598 1474 650 uitae
1517 597 1758 664 [iudices]

218 693 390 744 Probe
430 691 568 742 idem
612 689 777 742 sensit.
815 689 1066 757 languere
1106 705 1271 754 saepe,
1319 691 1371 738 et
1417 687 1711 755 praeferam
1758 687 1870 754 ipse
1909 703 2113 753 semper.

221 782 263 833 si
304 781 456 831 liceat
497 797 591 847 per
623 795 894 843 numerOS,
935 777 1125 845 quibus
1158 776 1275 827 vide
1310 794 1378 827 an
1411 776 1484 827 sic
1524 775 1871 844 probabiliter
1911 792 2110 826 accom-

219 869 482 921 modetur:
972 938 975 939 γ

480 953 792 1007 reminiscor
833 971 1040 1022 semper
1079 955 1130 1006 et
1169 954 1312 1005 istud
1352 953 1535 1005 itidem
1576 954 1672 1004 uos
1712 953 1834 1005 uolo

482 1041 801 1095 meminisse.

362 1148 625 1199 Versuum
660 1147 763 1198 337
802 1164 874 1213 sq.
909 1146 1207 1212 exemplum
1240 1146 1396 1212 plane
1428 1145 1699 1214 geminum
1730 1145 1895 1196 habes
1937 1142 2112 1210 Capti—

215 1256 400 1289 vorum
440 1235 616 1287 Plauti
656 1253 701 1285 V.
741 1234 846 1286 408
890 1236 1201 1302 ‘numquam
1242 1234 1343 1286 erit
1380 1237 1492 1285 tam
1533 1251 1722 1285 avarus
1733 1275 1745 1300 ,
1785 1232 1914 1301 quin
1953 1250 2116 1283 manu

215 1332 266 1377 te
308 1326 518 1377 emittat
558 1323 784 1392 gratiis.'

362 1413 424 1464 V.
444 1414 565 1464 340.
606 1411 898 1463 Probatum
916 1410 1070 1462 bonis
1090 1410 1392 1463 auctoribus
1417 1404 2116 1479 participium'incantatam,

215 1504 297 1554 cui
337 1504 493 1570 plane
534 1517 830 1569 congruens
871 1500 1123 1567 eyreyz‘mn
1162 1499 1469 1551 adiunctum
1510 1503 1612 1567 est,
1652 1500 1799 1552 nolui
1839 1502 1931 1550 aut
1968 1516 2115 1566 praa

217 1591 353 1643 senti
411 1590 618 1642 inue‘sc'z‘o
674 1593 765 1640 aut
827 1588 1140 1656 imperativo
1194 1589 1413 1642 inuisita
1467 1591 1696 1657 mutare,
1761 1588 1884 1657 quia
1945 1605 2115 1656 neque

217 1681 282 1731 ad
324 1679 556 1731 subitum
599 1672 657 1729 ae
697 1677 928 1745 primum
969 1680 1312 1746 conspectum
1353 1678 1578 1746 quadrat
1615 1678 1835 1730 verbum
1874 1678 2114 1744 frequen-

216 1769 442 1820 tativum
466 1785 636 1835 neque
671 1766 1053 1818 exclamatione
1087 1771 1202 1834 ‘pro
1229 1766 1282 1818 di
1311 1766 1641 1819 inmortales’
1678 1766 1901 1818 alterum
1926 1765 2116 1817 exeita-

218 1876 349 1923 mUS,
375 1860 433 1908 ut
459 1856 637 1908 oculos
663 1855 719 1906 in
745 1852 1224 1923 aliquidintendat.
1266 1853 1343 1907 Cf.
1370 1854 1548 1907 Plauti
1564 1854 1857 1906 Trinumm.
1885 1852 1990 1905 765
2019 1871 2117 1921 sq.:

461 1945 620 1996 homo
661 1943 985 1995 conducatur
1026 1943 1216 2013 aliquis
1256 1944 1363 1995 iam
1405 1945 1664 2012 quantum
1702 1944 1879 2011 potest
1927 2008 1929 2010 Ι

459 2034 645 2101 ignota
686 2032 840 2099 facie,
882 2049 1014 2101 quae
1054 2030 1141 2084 ln'c
1180 2051 1290 2085 non
1328 2032 1547 2085 uisitata
1587 2032 1669 2085 sit.

365 2136 429 2189 V.
455 2137 575 2188 347.
621 2135 703 2188 Ex
743 2136 901 2188 variis
943 2136 1255 2188 commentis
1294 2140 1407 2188 tam
1447 2136 1578 2188 meis
1620 2154 1779 2205 quam
1810 2134 2119 2187 Buecheleri

219 2225 353 2293 elegi
395 2226 534 2294 quod
574 2228 626 2276 et
665 2226 721 2276 in
762 2229 1135 2294 argumentum
1174 2225 1384 2277 fabulae
1424 2243 1550 2293 prae
1587 2225 1705 2277 aliis
1746 2224 2029 2293 quadraret
2067 2227 2120 2274 et

223 2332 436 2366 sensum
475 2331 570 2380 per
609 2332 663 2365 se
702 2314 953 2365 idoneum
991 2314 1282 2381 praeberet.
1336 2313 1416 2366 Ae
1454 2331 1521 2365 ne
1563 2313 1680 2382 quis
1721 2315 1899 2381 spreta
1936 2330 2118 2363 rursus

224 2421 319 2468 pro
361 2402 468 2453 suis
509 2405 781 2470 recoquat,
821 2401 898 2453 illi
939 2402 1099 2453 etiam
1137 2401 1267 2454 haec
1307 2402 1364 2453 in
1403 2405 1636 2454 mentem
1675 2404 1952 2453 venerant:

754 2507 812 2555 ut
852 2504 1111 2556 desiderio
1153 2508 1419 2557 amantem
1459 2506 1786 2574 incenderet,

488 2593 669 2645 turbat
709 2593 953 2661 uulgum,
992 2593 1176 2645 urbem
1218 2594 1428 2661 euertit,
1468 2613 1535 2646 m.
1577 2594 1622 2646 d.

224 2712 371 2763 Idem
410 2711 465 2762 in
505 2711 587 2762 his
627 2711 866 2778 diffidam
897 2715 1067 2763 centem
1105 2712 1269 2764 latere
1309 2712 1621 2780 diffidentem
1662 2713 1960 2781 suspicatus
1994 2715 2119 2764 erat.
2151 2698 2159 2702 ⁴

224 2800 484 2869 Bergkius·
525 2818 647 2851 vero
698 2819 791 2851 sua
841 2801 1103 2869 quomodo
1152 2819 1271 2853 cum
1310 2802 1595 2871 Eurysaeis
1643 2802 1824 2854 fabula
1863 2800 2122 2867 conciliet,

222 2889 335 2956 ipse
382 2889 593 2955 viderit,
642 2889 730 2956 qui
778 2889 1056 2940 memorati
1103 2890 1158 2941 in
1206 2890 1387 2943 Iliadis
1433 2890 1483 2941 K
1530 2891 1636 2944 268
1679 2910 1791 2960 sqq.
1831 2888 2119 2958 Amphida—

225 2976 419 3028 mantis
468 2975 702 3043 Cytherii
749 2978 857 3028 fata
907 2977 1093 3029 ceteris
1141 2961 1416 3048 incognita
1462 2979 1602 3032 felici
1650 2980 1876 3032 forsitan
1914 2978 2121 3047 virgula.

224 3065 508 3117 recluserit.

371 3169 436 3220 In
482 3170 865 3222 constituendis
914 3169 1152 3223 versibus
1202 3171 1509 3226 351—355
1557 3173 1623 3225 ab
1678 3172 1786 3240 his,
1841 3189 1973 3241 quae
2024 3189 2120 3239 pro

226 3262 366 3309 certo
407 3257 753 3309 fundamento
793 3259 1078 3325 habebam,
1117 3259 1385 3327 profectus
1428 3280 1558 3312 sum.
1618 3259 1881 3313 Numeros
1922 3259 2121 3312 scilicet

227 3346 480 3397 iambicos
524 3345 758 3397 senarios
807 3350 1042 3413 praestat
1081 3351 1133 3399 et
1171 3366 1216 3399 V.
1258 3349 1365 3400 354
1407 3349 1480 3401 sic
1520 3352 1579 3400 ut
1625 3349 1820 3417 legitur
1865 3367 1895 3399 a
1941 3346 2119 3400 Nonio

226 3452 274 3500 p.
320 3435 421 3485 173
470 3436 744 3501 excerptus
785 3437 835 3484 et
885 3434 973 3502 qui
1022 3436 1258 3505 sequitur
1298 3437 1418 3490 355.
1497 3436 1638 3489 Nam
1684 3437 1825 3488 hunc
1873 3435 2014 3504 quod
2054 3454 2117 3486 ex

231 3522 333 3572 alio
382 3523 615 3574 eiusdem
669 3521 878 3573 fabulae
933 3521 1048 3574 loco
1095 3525 1321 3592 petitum
1369 3544 1481 3577 esse
1529 3525 1584 3577 L.
1634 3524 1918 3577 Muellerus
1973 3541 2119 3591 prae-
