2294 3844
210 249 307 300 103
962 250 1022 290 M.
1055 247 1354 289 PAvaws

209 380 315 431 245
356 379 606 430 Manibus
647 378 837 446 isdem,
877 377 1072 446 qusbus
1112 376 1257 428 Vlixi
1299 378 1454 445 saepe
1495 378 1771 446 permulsi,
1811 379 2025 430 abluam

360 473 859 542 Lassitudinemque
899 473 1136 524 minuam
1176 474 1432 525 manuum
1471 473 1820 525 mollitudine.

1129 568 1184 620 II

1032 663 1281 716 Anticlea

354 761 616 813 Lenitudo
658 760 938 829 orationis,
978 760 1258 812 mollitudo
1299 760 1536 828 corporis

1051 855 1134 907 III
1174 853 1256 925 (9)

352 952 556 1004 Pariter
594 954 646 1003 te
687 970 801 1003 esse
841 969 966 1021 erga
1007 950 1160 1004 illum
1199 952 1378 1020 uideO,
1417 955 1478 1003 ut
1516 949 1669 1003 illum
1693 952 1783 1004 ted
1823 953 1950 1022 erga,
1983 953 2108 1006 scio.

1053 1047 1131 1100 IV
1173 1045 1255 1118 (4)

355 1143 602 1212 Spartam
641 1145 913 1212 reportare
954 1142 1144 1212 instat,
1182 1144 1236 1195 id
1277 1144 1320 1195 si
1361 1146 1647 1212 perpetrat.

1073 1239 1123 1291 V
1150 1237 1233 1310 (8)

205 1338 312 1388 250
352 1335 463 1388 Nec
504 1337 610 1387 ulla
653 1336 875 1387 subscus
917 1335 1131 1388 cohibet
1171 1354 1483 1406 compagem
1524 1337 1685 1405 aluei,

352 1431 453 1484 Sed
495 1436 611 1484 suta
651 1432 762 1484 lino
804 1435 857 1484 et
897 1433 1122 1501 sparteis
1165 1431 1412 1485 sel-ilibus

1051 1528 1130 1581 VI
1172 1526 1255 1599 (3)

349 1623 479 1675 Inde
520 1623 754 1676 Ae'tnam
793 1627 1031 1677 montem
1072 1625 1300 1678 aduenio
1340 1626 1398 1676 in
1439 1626 1747 1694 scruposam
1788 1643 2017 1694 specum.

314 1779 358 1818 II
398 1778 559 1819 Cicero
600 1779 734 1819 Tusc.
776 1779 890 1832 disp.
923 1781 961 1819 V
995 1781 1069 1830 16,
1108 1781 1162 1819 46
1203 1783 1308 1831 (εει,
1351 1793 1464 1832 quae
1504 1778 1792 1820 Anticlea'
1826 1778 2104 1830 (Anticlia

206 1835 328 1878 Pith.
361 1835 641 1887 Euryclea
681 1836 830 1875 uideri
868 1836 1037 1876 habere
1076 1836 1185 1888 aliq.
1219 1836 1362 1877 Oxon.
1397 1849 1496 1876 cum
1526 1835 1594 1876 ed.
1630 1837 1738 1877 Ven.
1772 1838 1878 1876 1481
1911 1839 2107 1877 testatur

203 1891 421 1942 Orellius)
463 1892 647 1932 ‘laudat
679 1892 803 1932 Vlixi
842 1892 982 1943 pedes
1023 1892 1216 1933 abluens
1252 1924 1261 1932 .
1290 1924 1299 1932 .
1326 1896 1362 1934 .'
1403 1893 1516 1933 Non.
1550 1893 1653 1943 132,
1686 1895 1711 1933 3
1749 1892 2103 1932 ‘lenitudine

204 1961 280 1998 pro
311 1948 504 1988 lenitate
535 1978 545 1988 .
573 1979 582 1987 .
610 1979 618 1987 .
649 1948 809 1989 Cicero
830 1948 1192 1989 Tusculanarum
1224 1950 1298 1990 lib.
1329 1963 1433 1989 1111:
1472 1948 1705 1990 lenitudo'
1739 1963 1777 1992 e.
1809 1962 1851 2001 q.
1885 1962 1919 1989 s.
2035 1949 2104 1990 111

202 2004 316 2045 Non.
349 2007 454 2054 375,
489 2007 513 2045 7
545 2006 814 2057 ‘pariter‚
849 2005 1062 2046 similiter
1186 2006 1236 2049 P.
1269 2006 1434 2046 Nitra
1463 2008 1555 2046 ...’
1658 2005 1719 2045 IV
1753 2006 1924 2046 Festus
1955 2019 1998 2059 p.
2021 2007 2104 2047 217

202 2061 262 2102 M.
303 2064 650 2113 ‘perpetrat,
691 2062 890 2114 peragit,
933 2060 1124 2113 perficit.
1191 2064 1242 2104 P.
1282 2062 1329 2102 in
1368 2062 1539 2102 Teucro
1578 2084 1631 2090 —
1672 2062 1857 2102 etinni
1895 2062 2102 2115 patris:

207 2117 445 2169 Spartam'
485 2129 522 2156 e.
564 2130 605 2169 q.
646 2130 680 2157 s.
723 2117 806 2167 (et
843 2118 900 2157 in
938 2119 1155 2171 Niptris
1196 2117 1422 2171 Scaliger)
1576 2119 1611 2156 V
1651 2119 1818 2158 Festus
1856 2131 1897 2170 p.
1929 2120 2011 2160 343
2040 2119 2101 2161 Μ.

204 2173 464 2213 ‘serilla'
506 2172 731 2224 (serilia
769 2174 1007 2215 Turnebus
1045 2175 1159 2215 Adu.
1199 2176 1330 2216 XVII
1368 2173 1410 2226 7)
1451 2175 1664 2215 ‘Verrius
1701 2173 1927 2227 appellari
1970 2177 2106 2227 putat

201 2230 387 2282 nauigia
425 2230 632 2270 Histrica
671 2244 726 2270 ac
767 2231 1041 2282 Liburnica,
1088 2244 1203 2284 quae
1249 2231 1342 2271 lino
1381 2244 1437 2271 ac
1475 2235 1632 2284 sparto
1673 2231 2036 2283 condensantur,
2073 2244 2104 2271 a

202 2285 482 2326 conserendo
513 2291 559 2326 et
589 2287 879 2328 contexendo
910 2287 1055 2336 dicta,
1096 2288 1204 2340 quia
1246 2287 1372 2328 dicat
1400 2288 1450 2328 P.
1482 2289 1529 2327 in
1559 2287 1754 2340 Niptris:
1796 2299 1879 2327 nec
1908 2286 2027 2327 ulla’
2061 2301 2101 2330 e.

202 2355 241 2394 q.
274 2355 309 2382 s.
372 2346 498 2382 ‘cum
528 2342 912 2396 περιφραστικῶς
945 2348 991 2383 et
1022 2344 1129 2384 ficto
1160 2343 1386 2384 uocabulo
1416 2357 1525 2385 usus
1557 2345 1618 2384 sit
1650 2357 1729 2396 pro
1762 2343 1993 2390 funiculis,
2025 2344 2104 2396 qui

205 2403 358 2451 sparto
391 2403 722 2439 conseruntur.⁹
766 2399 891 2440 Idem
922 2413 966 2452 p.
989 2402 1072 2441 306
1094 2402 1154 2441 Μ.
1187 2398 1553 2453 ‘[subscudes
1585 2397 1903 2453 ap]pellantur
1931 2412 2103 2441 cunea-

201 2459 277 2494 tae
310 2452 555 2507 ta[bellae,
589 2453 771 2508 quibus]
806 2457 991 2497 tabulae
1015 2457 1133 2496 inter
1167 2469 1213 2496 se
1247 2455 1570 2508 confliguntur,
1605 2453 1753 2510 qui]a‚
1786 2467 1872 2507 quo
1906 2468 1989 2496 eae
2020 2456 2101 2496 im—

202 2511 459 2560 mittuntur,
494 2508 795 2563 [succuditur.
847 2509 1128 2565 Pa]cuius
1159 2512 1206 2552 in
1227 2513 1402 2565 Niptris
1427 2508 1581 2567 [250]’
1616 2512 1690 2562 (cf.
1721 2512 1778 2555 H.
1802 2511 1983 2552 Keilius
2011 2511 2040 2552 1.
2071 2511 2101 2553 l.

202 2580 244 2618 p,
277 2565 393 2617 625).
454 2567 588 2606 Pauli
619 2569 786 2608 Festus
818 2581 858 2620 Ρ.
890 2570 972 2608 307
1003 2569 1063 2608 Μ.
1104 2569 1444 2610 ‘subscudes
1475 2568 1771 2621 appellantur
1801 2568 2029 2609 tabellae’
2063 2582 2101 2609 e.

202 2635 242 2674 q.
268 2637 300 2665 s,
338 2623 612 2664 ‘Pacuuium
645 2636 729 2663 nec
750 2624 842 2664 ulla
866 2637 899 2664 s.
924 2638 961 2664 c.
986 2628 1287 2678 compagem.⁷
1376 2626 1436 2666 VI
1458 2625 1574 2665 Non.
1597 2626 1693 2673 223,
1720 2625 1739 2663 1
1775 2627 2002 2676 ‘specus
2025 2655 2036 2666 .
2053 2655 2064 2666 .
2082 2655 2093 2666 .

202 2679 419 2719 feminino
448 2710 457 2718 .
485 2710 495 2720 .
521 2710 532 2721 .
569 2681 772 2722 Accius
803 2681 979 2734 Niptris
1009 2712 1019 2721 .
1045 2712 1056 2723 .
1081 2685 1117 2723 .’
1150 2683 1229 2731 (in
1265 2681 1315 2721 {ri
1345 2681 1614 2735 psaltriis
1644 2681 1804 2723 Vrbin.
1836 2680 1936 2732 308)
1977 2681 2101 2722 Pris-

343 2857 441 2904 248
483 2858 555 2903 ted
598 2860 788 2904 Vossius
826 2866 870 2904 te
895 2861 1008 2905 libri
1113 2860 1252 2905 illunc
1289 2874 1395 2920 erga
1434 2866 1479 2905 te
1517 2858 1621 2917 (aul
1647 2866 1691 2905 te
1717 2857 1839 2920 erga)
1877 2859 2098 2919 Umpfen-

201 2929 398 2973 bachius
436 2932 586 2974 melet.
628 2930 787 2975 Plaul.
825 2928 888 2974 41
1061 2929 1159 2976 249
1209 2937 1440 2990 reportare
1483 2930 1531 2976 Ο.
1570 2931 1834 2976 Muellerus
1881 2943 2100 2990 reponare

201 3000 302 3043 cod.
345 3000 563 3057 reportari
603 3000 960 3045 Lindemannus
994 3000 1207 3060 repedare
1245 3004 1323 3046 uel
1359 3014 1580 3060 reponere
1620 3001 1836 3061 Scaliqer
1872 3000 2099 3060 deponere

211 3069 407 3113 Botkius
551 3068 652 3114 2:30
690 3069 854 3115 subcus
895 3072 995 3116 cod.
1034 3085 1082 3128 p.
1113 3070 1212 3117 343
1336 3084 1583 3131 conpagem
1623 3073 1724 3117 cod.
1763 3085 1811 3128 p.
1841 3069 1940 3116 343
1981 3075 2099 3116 leste

203 3137 266 3182 Η.
296 3139 450 3183 Keilia
487 3141 516 3182 l.
554 3141 587 3183 l.
624 3153 673 3196 p.
705 3139 803 3186 626
914 3140 1012 3186 251
1054 3140 1261 3185 serilibus
1299 3143 1397 3187 cod.
1439 3146 1557 3186 leste
1596 3141 1659 3186 H.
1689 3141 1868 3197 Kellia,
1915 3139 2096 3185 Turne-

202 3210 288 3254 bus
326 3206 548 3252 serillibus
588 3210 728 3268 uulqa
908 3209 1007 3256 252
1055 3210 1159 3256 inde
1207 3211 1398 3256 aduenio
1446 3218 1644 3256 montem
1692 3211 1844 3256 Aetam
1891 3223 1978 3255 scr.
2025 3223 2094 3270 sp.

204 3279 399 3324 Nonius.
438 3276 626 3324 aduenio
674 3279 716 3322 in
757 3293 840 3324 scr.
883 3295 947 3338 sp.
987 3284 1160 3326 celeris
1207 3284 1389 3327 omissis
1427 3280 1713 3326 Priscianus
1757 3279 1859 3324 inde
1905 3278 2096 3325 aduenio

201 3355 395 3393 montem
423 3347 576 3392 Oetam
604 3362 689 3393 scr.
719 3364 785 3409 sp.
815 3350 936 3405 edd„
970 3350 1226 3396 Bentleius.
1271 3351 1521 3409 Temptaui
1544 3352 1650 3396 olim
1676 3352 1753 3395 uel
1778 3348 1881 3394 inde
1907 3352 2093 3394 Aetnam

202 3417 389 3463 aduenio
428 3424 624 3463 montem
665 3422 740 3465 uel
766 3422 950 3464 Aetnam
988 3419 1091 3464 inde
1119 3428 1314 3465 montem
1341 3419 1529 3464 aduenio
1556 3420 1598 3464 in
1629 3433 1713 3464 scr.
1743 3433 1809 3479 sp.
1909 3432 2096 3479 scrupu-

202 3488 341 3532 losam
368 3488 611 3534 Prisciani
643 3491 761 3548 Req.
801 3490 950 3535 Bern.
982 3488 1126 3534 Ilalb.
1157 3489 1324 3535 Bamb.
1363 3492 1412 3534 in
1447 3491 1597 3535 litura
1634 3505 1692 3534 m.
1722 3489 1750 3534 2
1790 3488 2095 3549 scrupulosam

204 3585 347 3645 Sans).
390 3586 525 3632 Grac.
565 3588 784 3634 Karolir.
826 3562 1106 3648 scruplosam
1150 3582 1385 3636 Darmsl.b
1423 3588 1634 3648 scripsam
1676 3588 1820 3634 Nonii
1854 3587 1981 3634 Leid.
