2294 3844
999 223 1057 264 M.
1091 224 1386 265 PAevvlvs
2058 231 2155 283 103

1055 353 1185 405 XVI
1228 352 1347 424 (12)

249 439 355 490 2Ιό
395 439 739 507 ΙίρριῑςΙΙηῙΙῒὶ
782 458 880 509 ego
922 460 1080 510 porro
1122 442 1264 493 lnine
1306 444 1360 494 ui
1403 444 1603 495 detraxi
1649 449 1921 515 ungulum.

1125 537 1283 590 XVII

395 624 590 675 Paelici
632 625 1031 692 superstitiosiu-
1074 631 1191 677 etim
1234 628 1447 679 uecordi
1489 630 1715 697 colliuge

1046 721 1234 773 XVIII
1277 722 1359 793 (8)

399 810 511 861 ‘Vsi
551 810 754 860 honore
797 810 951 861 credo
986 809 1181 862 Achiui
1222 812 1362 863 hunc
1406 815 1672 881 sceptrum
1714 817 1984 883 patientur
2026 820 2152 886 poti.

1081 914 1331 967 MEDVS

1110 1010 1135 1061 Ι
1177 1008 1296 1081 (17)

389 1096 620 1149 'Accessi
662 1097 919 1167 Aeaeam,
961 1100 1010 1149 e't
1052 1100 1285 1151 tosillam
1325 1102 1449 1170 pegi
1489 1103 1625 1154 lecto
1668 1104 1723 1155 in
1763 1103 1933 1156 litore.

1083 1195 1136 1246 II
1179 1193 1322 1266 (28)
1367 1254 1371 1263 ,

1172 1288 1246 1354 te,
1288 1284 1400 1355 Sol,
1441 1286 1658 1357 snuoco,

237 1381 345 1433 220
385 1379 712 1447 'Inquirendi
754 1381 813 1430 ut
852 1377 961 1430 mes
998 1382 1235 1448 parentis
1277 1381 1410 1434 nn'hi
1450 1386 1773 1451 potestatem
1815 1385 1946 1437 duis.

239 1498 481 1539 ‹lromache
506 1495 840 1536 aeehmalotide
967 1497 1136 1538 Iliona:
1170 1499 1271 1539 ibo'
1306 1514 1342 1540 e.
1371 1515 1410 1553 q.
1433 1515 1467 1541 s.
1509 1500 1745 1554 (Accius
1778 1502 1961 1544 Iliona
1986 1504 2150 1544 Aldina

237 1555 522 1597 Pacuuius
553 1553 739 1594 Iliona
772 1554 929 1593 Iunius
960 1554 1006 1593 in
1038 1554 1147 1607 mg.)
1266 1557 1369 1597 XVI
1402 1559 1570 1598 Festus
1605 1573 1645 1611 p.
1671 1562 1752 1600 375
1785 1561 1844 1603 M.
1879 1562 2149 1612 ‘ungulus

237 1613 454 1653 Oscorum
488 1611 646 1662 lingua
678 1609 840 1649 anulus
874 1632 926 1638 —-
957 1633 1011 1639 —
1045 1613 1276 1652 Pacuuius
1309 1614 1355 1653 in
1386 1614 1556 1654 Iliona:
1591 1617 1893 1668 repugnanti’
1927 1631 1964 1656 e.
2000 1631 2040 1669 q.
2076 1631 2108 1658 s.

348 1668 477 1708 XVII
509 1667 677 1706 Festus
712 1679 752 1718 p.
788 1668 869 1706 372
902 1667 961 1706 M.
1006 1672 1233 1709 ‘uecors
1268 1675 1336 1709 est
1368 1672 1543 1711 turbati
1575 1685 1628 1712 ae
1660 1673 1766 1712 mali
1799 1673 1964 1713 cordis.
2016 1674 2067 1714 P.
2102 1676 2146 1714 in

232 1725 405 1766 Iliona:
439 1723 637 1776 paelici'
671 1736 710 1762 e.
745 1736 784 1774 q.
820 1735 851 1762 s.
1000 1724 1151 1765 XVIII
1182 1726 1295 1766 Non.
1327 1730 1435 1777 475,
1468 1729 1521 1767 ‘38
1554 1731 1701 1781 ‘poti
1734 1743 1813 1782 pro
1848 1730 2014 1781 potiri'

234 1781 447 1822 Eiusdem
482 1779 670 1819 fabulae
702 1780 908 1831 reliquiis
942 1782 1244 1822 coniectando
1278 1784 1468 1837 ascripsi
1501 1785 1589 1828 ine,
1624 1786 1714 1826 fab.
1747 1785 2142 1828 XXX—XXXIV

236 1843 282 1880 et
314 1840 401 1877 inc.
432 1838 522 1877 ine.
559 1836 652 1877 fab.
685 1835 830 1875 XLII.

346 1895 510 1933 MEDvs
545 1892 616 1935 Cf,
654 1892 811 1932 Cicero
846 1893 899 1932 de
933 1894 1008 1933 off.
1043 1894 1063 1933 I
1096 1899 1162 1945 31,
1200 1898 1291 1937 114.
1341 1896 1362 1936 Ι
1395 1898 1563 1938 Festus
1597 1912 1637 1950 p.
1671 1900 1752 1939 356
1784 1898 1843 1938 M.
1878 1896 2143 1953 ‘[t0nsil-

232 1952 334 1991 lam
367 1948 448 2004 ait]
495 1961 594 1988 esse
628 1949 812 1988 Verrius
852 1949 1004 2002 palum
1039 1951 1243 1991 dolatum
1279 1950 1346 2006 [in
1381 1967 1570 1994 acumen
1603 1952 1668 2007 et]
1712 1956 1898 2008 cuspide
1941 1958 2143 2008 praefer-

231 2014 403 2057 ratum,
443 2011 492 2046 ut
525 2002 802 2055 existi[1nat‚
838 2004 994 2059 qu]e1n
1029 2007 1194 2060 configi
1225 2009 1270 2048 in
1303 2009 1435 2050 litore
1475 2012 1607 2052 nauis
1639 2009 1949 2066 1·e[ligandae]
1989 2027 2141 2054 causa.

233 2065 460 2104 Pacuuius
492 2062 539 2101 in
569 2061 755 2100 Medio
787 2093 824 2102 ..
845 2066 878 2101 .'
914 2061 1017 2113 (om.
1042 2065 1192 2106 Vatia.
1214 2066 1271 2114 R)
1304 2066 1569 2108 Priscianus
1602 2067 1641 2106 X
1673 2082 1715 2119 p.
1738 2071 1822 2110 894
1852 2069 1900 2112 P.
1934 2073 2141 2123 ‘pango

233 2133 412 2172 quoque
446 2118 596 2171 pegi,
633 2122 677 2157 et
711 2131 764 2157 ex
798 2132 849 2158 eo
884 2119 1084 2172 impingo
1117 2120 1286 2174 impegi
1319 2123 1447 2162 facit.
1510 2125 1736 2165 Pacuuius
1768 2126 1815 2164 in
1846 2125 2001 2166 Medo:
2043 2131 2140 2167 ton-

230 2178 400 2219 sillam’
429 2189 466 2219 e,
491 2188 532 2226 q.
558 2187 591 2214 s.
625 2174 933 2222 (Paeubius
966 2174 1093 2216 Grut.
1118 2178 1313 2221 Karolir.
1384 2180 1567 2220 Medio
1591 2180 1719 2223 Grut.
1745 2180 1894 2233 Sang„
1929 2187 1975 2223 et
2007 2184 2021 2222 i
2044 2197 2138 2223 rnr-

232 2247 306 2274 sus
338 2230 494 2272 deleta
526 2230 742 2279 Karolir.)
800 2227 868 2270 De
902 2233 1081 2272 nomine
1112 2233 1296 2273 Medio
1328 2235 1385 2276 cf.
1420 2236 1474 2276 O.
1497 2237 1745 2277 Muellerus
1779 2238 1824 2276 in
1859 2239 1985 2280 Varr.
2021 2239 2076 2279 de
2109 2240 2137 2282 l.

227 2292 280 2331 L.
303 2290 365 2330 VI
388 2291 441 2330 60
555 2287 601 2327 II
634 2287 868 2327 Charisius
900 2289 919 2328 Ι
952 2302 994 2341 p.
1028 2291 1080 2330 79
1112 2290 1162 2333 P.
1197 2291 1377 2340 ‘heres‚
1412 2305 1638 2344 parens,
1672 2294 1803 2334 homo
1842 2324 1848 2330 .
1878 2325 1887 2335 .
1912 2327 1920 2335 .
1959 2309 2137 2335 mascu-

228 2427 317 2470 ieci
411 2422 520 2467 uelit
548 2426 659 2466 cente
680 2423 783 2467 Alcl.
815 2422 956 2467 uelint
981 2423 1093 2468 libri
1174 2425 1329 2470 ualuae
1357 2428 1459 2471 edd.
1488 2426 1616 2471 baluc
1641 2429 1754 2473 libri
1851 2428 1949 2473 216
1978 2429 2134 2488 [mellei

230 2496 497 2541 Politianus
524 2492 648 2550 (uide
674 2492 1010 2538 Mommsenum
1041 2508 1202 2541 comm.
1232 2498 1372 2541 acad.
1403 2497 1564 2543 Berol.
1598 2497 1730 2544 1864
1755 2513 1803 2556 p.
1835 2498 1918 2557 80)
1945 2500 2134 2559 paelluci

226 2567 356 2612 Leid.
384 2563 533 2624 pellici
559 2563 708 2608 Vcctic.
732 2563 767 2609 S
792 2565 867 2623 qui
895 2565 1039 2609 ueloci
1069 2566 1268 2612 Vrsinus
1295 2569 1369 2627 qui
1398 2567 1529 2613 uelox
1561 2567 1608 2613 0.
1632 2569 1898 2615 Muellerus
1975 2584 2132 2630 super-

226 2665 411 2710 stitione
448 2662 647 2707 Vrsinus
757 2660 855 2707 217
897 2665 965 2708 usi
1004 2664 1176 2710 honore
1203 2668 1273 2711 ecl.
1298 2669 1459 2724 princ.
1501 2668 1567 2712 usi
1595 2643 1766 2713 hongre
1807 2669 1868 2714 W
1901 2671 1967 2714 usi
1996 2683 2132 2715 onere

225 2736 356 2782 Leicl.
386 2733 553 2778 Bamb.
594 2733 663 2776 usi
702 2731 870 2779 honere
910 2737 1060 2780 celeri
1093 2737 1206 2781 libri
1242 2743 1288 2781 tu
1329 2738 1365 2781 si
1403 2751 1568 2783 eonere
1603 2738 1858 2784 Mercerus
1971 2740 2128 2784 Achiui

225 2807 344 2850 hunc
381 2804 711 2849 Bueclzelerus
749 2804 907 2849 adhuic
942 2808 1055 2852 libri
1091 2806 1210 2851 hune
1245 2809 1350 2853 olim
1385 2811 1582 2866 scripsi,
1619 2811 1705 2855 secl
1737 2824 1906 2856 manco
1943 2812 2130 2856 duabus

223 2877 421 2935 syllabis
457 2887 605 2919 uersu
639 2875 698 2918 ab
733 2879 879 2922 initio.
1014 2876 1114 2923 218
1155 2879 1320 2923 accessi
1358 2879 1492 2923 Aean]
1531 2881 1774 2940 Berylcius
1811 2881 1934 2926 Mus.
1973 2881 2126 2926 Elian.

228 2945 360 2993 1835
383 2960 435 3004 p.
465 2944 552 3000 78,
591 2947 725 2989 immo
752 2948 939 2992 Aeaeam
967 2949 1300 2994 Bueclielerus
1338 2963 1462 2994 acces
1502 2986 1511 2994 .
1537 2986 1546 2996 .
1573 2987 1582 2996 .
1620 2964 1713 2995 cain
1740 2953 1842 2997 cod.
1876 2952 2017 2997 Borb.
2058 2966 2126 2995 ac-

222 3029 445 3062 cesseram
488 3015 635 3060 Vcctic.
666 3014 701 3060 S
739 3024 854 3064 leste
883 3019 1171 3065 Mommseno
1208 3022 1240 3064 l.
1268 3021 1301 3065 l.
1340 3022 1505 3065 accessi
1530 3023 1651 3066 Aean
1695 3021 1744 3067 Ο.
1775 3021 2038 3067 Muellerus

222 3095 266 3132 et
311 3087 383 3131 hic
431 3099 604 3131 uersus
650 3091 878 3147 explendi
921 3103 1072 3135 causa
1120 3091 1333 3136 seribere
1381 3092 1611 3137 uolebam.
1766 3092 1958 3136 tosillam
1997 3094 2130 3138 Festi

222 3159 325 3203 cod.
364 3157 540 3212 Borb.‚
589 3161 750 3205 tuetur
787 3160 1052 3206 Muellerus
1101 3160 1323 3204 tonsillam
1362 3161 1672 3220 Priscianus⁷
1720 3166 1816 3207 nisi
1851 3166 1977 3222 quod
2022 3170 2121 3207 ton-

221 3227 318 3271 silla
357 3227 504 3271 Bern-
544 3226 688 3276 Halb.
726 3229 871 3290 Suny.
910 3231 1043 3276 Grut.
1083 3231 1299 3275 Kurolz'r.
1345 3237 1423 3275 ton
1461 3232 1573 3291 sylla
1612 3234 1780 3278 Bamb.
1825 3233 2005 3277 tonsilla
2045 3246 2120 3277 ce-

221 3300 313 3342 teri
347 3297 459 3342 libri
584 3300 687 3357 pagi
713 3301 847 3345 Festi
885 3301 1032 3346 Vatic.
1062 3300 1098 3345 S
1132 3302 1260 3360 paegi
1290 3302 1444 3347 Prisc.
1472 3303 1688 3349 Karolir.
1822 3303 1938 3348 lecto
1967 3305 2119 3362 Bery-

220 3368 328 3412 lcius
350 3369 380 3412 l.
408 3369 440 3412 l.
479 3365 597 3410 laeto
626 3371 798 3415 Festus
823 3371 940 3415 cliuo
967 3372 1125 3416 Prisc.
1153 3372 1259 3416 Erl.
1299 3371 1402 3416 leuo
1429 3373 1587 3418 Prisc.
1617 3375 1733 3432 Rey.
1765 3374 1932 3418 Bamb.
1964 3374 2113 3418 Bern.

220 3437 364 3481 Hulb.
396 3436 541 3495 Sangl.
562 3437 779 3486 Karolir.
806 3440 934 3485 laeuo
964 3444 1112 3486 ceteri
1138 3454 1274 3486 saeuo
1303 3441 1579 3489 Scriuerius
1670 3443 1768 3488 219
1797 3458 1865 3502 sq.
1898 3444 2117 3488 Bolliium

219 3519 346 3550 nunc
381 3511 572 3550 secutus
606 3524 734 3555 sum.-
774 3526 820 3556 u.
851 3510 953 3558 220
987 3513 1074 3557 lzoe
1111 3513 1276 3556 ordine
1314 3518 1362 3556 ut
1398 3514 1504 3557 mihi
1539 3520 1808 3573 potestatem
1845 3512 1942 3556 duis
1970 3513 2114 3572 inqui-

220 3574 347 3618 rendi
381 3575 467 3619 mei
503 3581 698 3634 parentis
733 3583 780 3626 in
816 3583 918 3631 cocl.
949 3583 1155 3627 traditus
1191 3588 1284 3643 esc,
1321 3596 1457 3642 quem
1495 3590 1544 3629 ul
1579 3595 1851 3640 seruarent,
1903 3585 2009 3629 olim
2053 3585 2112 3628 mi
