2299 3803
1045 295 1096 337 L.
1130 295 1347 335 ATTIVS
2044 298 2137 347 ‘221

1087 425 1164 477 lV
1207 424 1289 496 (5)
1352 422 1355 425 ’

563 540 682 573 011111
723 522 975 590 uirgina'tli
1016 523 1216 574 mundo
1258 523 1395 573 0111111
1435 525 1586 590 patro

231 713 338 763 <555
379 713 553 765 Video
596 714 837 782 sepulcra
878 713 981 765 (1110
1023 714 1250 766 (1110111111
1292 715 1590 782 corporum.

384 906 576 957 Mulier
617 924 723 957 una
766 906 929 957 (11111111
970 906 1209 958 11110111111

961 1001 1069 1054 VII
1111 1000 1317 1072 (Pelop.
1359 1003 1416 1075 4)

382 1099 612 1160 Quimim
655 1099 1062 1150 Tantalidarum
1104 1097 1467 1153 internecioni
1505 1102 1693 1154 modus

379 1196 640 1247 Paretur?
683 1199 775 1246 aut
816 1214 1079 1264 quaenam
1120 1200 1375 1265 umquam
1417 1198 1483 1249 ol)
1526 1202 1751 1250 mortem
1794 1199 1995 1270 Myrtili

378 1290 576 1344 Poenis
618 1292 828 1344 luendis
870 1293 1084 1344 dabitur
1124 1294 1288 1345 satias
1329 1296 1592 1363 supplici?

235 1487 343 1539 660
381 1485 524 1538 Hinc
566 1487 813 1539 colonien
854 1487 959 1538 alte
1001 1486 1228 1556 geminis
1270 1491 1455 1557 aptum
1496 1490 1746 1542 cornibus

347 1650 409 1691 IV
441 1650 611 1690 Festus
633 1663 676 1702 p.
704 1651 783 1689 142
807 1649 867 1689 M.
899 1650 1161 1690 ‘mundus
1195 1652 1335 1691 etiam
1358 1652 1562 1692 mulieris
1588 1650 1793 1706 [ornatus
1816 1654 1997 1705 dicitur,
2031 1654 2148 1707 quod

231 1712 278 1747 et
309 1707 382 1746 hic
413 1703 605 1761 moueri]
639 1710 807 1759 potest.
870 1706 1060 1746 Accius:
1102 1711 1228 1747 cum'
1264 1722 1300 1748 e.
1336 1722 1375 1761 q,
1409 1721 1443 1753 s.
1561 1709 1600 1748 V
1632 1711 1695 1750 VI
1728 1710 1891 1750 Cicero
1926 1712 2054 1751 Orat.
2078 1713 2147 1762 46,

235 1765 314 1804 156
347 1763 626 1816 ‘pleneque’
660 1762 970 1816 (planeque
1006 1763 1166 1817 uulgo)
1200 1765 1415 1805 ‘duorum
1439 1766 1636 1806 uirorum
1666 1767 1879 1807 iudicium
1905 1774 1984 1807 aut
2013 1769 2148 1807 trium

229 1822 425 1861 uirorum
468 1820 737 1873 capitalium
781 1825 861 1859 aut
904 1820 1061 1860 decem
1101 1821 1300 1862 uirorum
1343 1823 1546 1864 stlitibus
1584 1823 1845 1864 iudicandis
1884 1824 1982 1864 dico
2021 1837 2147 1863 num-

231 1890 381 1928 quam.
440 1878 580 1929 Atqui
618 1876 734 1915 dixit
767 1876 934 1917 Accius
971 1874 1048 1930 [V]
1093 1877 1306 1930 idemque
1350 1876 1472 1932 [VIJ.
1534 1879 1654 1929 Quid
1694 1893 1849 1921 uerum
1888 1882 1971 1931 sit,
2011 1881 2146 1921 intel—

230 1933 356 1985 lego:
389 1933 469 1973 sed
501 1933 616 1972 alias
648 1934 714 1971 ita
749 1932 909 1985 loquor
940 1938 990 1972 ut
1024 1947 1294 1975 concessum
1326 1941 1418 1985 est,
1460 1939 1511 1975 ut
1542 1936 1628 1976 1100
1659 1937 1731 1977 1101
1770 1951 1850 1990 pro
1883 1938 2010 1977 deum
2048 1938 2146 1978 (lico

229 1989 305 2030 uel
337 2002 416 2042 pro
451 1990 657 2029 deorum:
701 1989 819 2029 alias
851 1994 901 2029 ut
932 2002 1120 2030 necesse
1152 1996 1244 2041 est,
1284 2005 1384 2031 cum
1415 1993 1551 2032 trium
1584 1994 1756 2046 uirum,
1798 2007 1887 2035 non
1924 1995 2146 2034 uirorum:

236 2059 336 2086 cum
371 2046 633 2086 sestertium
664 2058 912 2099 nummum,
946 2059 1036 2086 non
1058 2060 1358 2088 nummorum:
1393 2050 1510 2102 quod
1530 2050 1577 2088 in
1598 2050 1670 2089 his
1702 2051 1984 2091 consuetudo
2015 2053 2148 2091 uaria

232 2115 320 2142 non
355 2104 459 2143 est.’
512 2102 585 2145 Cf.
607 2103 734 2143 Verr.
767 2104 807 2143 V
836 2104 912 2153 36,
944 2104 999 2143 94
1031 2107 1107 2142 ‘ut
1139 2104 1244 2143 duo
1290 2106 1596 2157 sepulchra
1628 2107 1848 2147 duorum
1884 2112 2144 2159 praetorum

228 2159 525 2212 inproborum
558 2159 733 2199 duabus
765 2159 812 2198 in
844 2160 1095 2211 prouinciis
1129 2161 1553 2205 constituerentur!
1651 2163 1736 2204 VII
1770 2163 1929 2205 Cicero
1961 2165 2013 2205 de
2049 2170 2143 2204 nat.

229 2215 349 2256 deor.
383 2217 453 2256 III
477 2217 552 2266 38,
579 2218 633 2256 90
665 2219 717 2255 (0
751 2216 908 2255 miram
943 2217 1225 2268 aequitatem
1259 2218 1465 2258 deorum!
1501 2219 1700 2260 ferretne
1741 2221 1908 2261 ciuitas
1950 2221 2046 2261 ulla
2078 2221 2142 2261 la-

231 2277 373 2312 torem
408 2273 543 2312 istius
565 2272 687 2311 modi
718 2271 857 2325 legis,
889 2277 940 2312 ut
973 2273 1356 2314 condemnaretur
1386 2274 1504 2316 filius
1536 2281 1616 2315 aut
1636 2289 1800 2329 nepos,
1834 2278 1872 2318 si
1902 2281 2034 2330 pater
2066 2282 2147 2318 aut

232 2342 347 2369 auus
389 2328 693 2380 deliquisset?
753 2329 1014 2379 Quinam’
1057 2343 1094 2370 0.
1128 2343 1168 2382 q.
1203 2344 1238 2371 5.
1301 2331 1540 2372 Charisius
1572 2334 1593 2372 I
1632 2347 1675 2385 p.
1710 2336 1763 2374 70
1793 2334 1844 2377 P.
1880 2337 2145 2387 ‘praeposi-

228 2386 373 2425 tiuum
413 2386 560 2438 quis,
603 2385 940 2426 subiunctiuum
985 2387 1097 2438 qui,
1141 2388 1259 2439 quod
1299 2393 1454 2429 tamen
1493 2394 1705 2430 auctores
1743 2403 1833 2430 non
1865 2390 2144 2431 obseruaue-

230 2447 358 2492 runt,
391 2447 441 2481 ut
472 2441 684 2482 Accius
718 2442 878 2483 dicens
912 2440 1035 2497 [657]
1072 2448 1118 2483 et
1148 2444 1379 2497 Vergilius
1409 2477 1418 2486 .
1439 2449 1502 2487 ..³
1635 2447 1748 2487 VIII
1779 2446 1893 2487 Non.
1929 2461 1970 2499 p.
1993 2450 2088 2494 235,
2123 2451 2140 2487 1

230 2503 444 2551 ‘aptum
476 2511 650 2539 rursum
685 2512 903 2540 conexum
937 2504 983 2541 et
1013 2500 1278 2553 colligatum
1312 2502 1546 2555 significat
1587 2535 1596 2544 .
1623 2534 1632 2542 .
1661 2535 1670 2544 .
1709 2504 1917 2544 Accius
1949 2504 2144 2545 Demer

232 2686 323 2731 quo
364 2684 417 2717 eo
446 2677 628 2717 tantum
654 2673 901 2730 dissentio,
942 2675 1070 2732 quod
1093 2688 1317 2719 mancum
1344 2677 1635 2720 uersiculum
1665 2679 1827 2734 terlio,
1869 2691 1962 2721 non
1990 2683 2038 2722 ul
2064 2679 2143 2722 ille

230 2749 404 2802 quarto
430 2744 535 2788 loco
559 2746 715 2802 posui.
816 2738 950 2789 6533
977 2745 1095 2804 capis
1120 2747 1235 2790 libri
1329 2759 1506 2791 asaraco
1535 2747 1683 2792 Bern.
1713 2761 1739 2791 e
1838 2747 1936 2793 653
1955 2741 1974 2772 5
2000 2747 2141 2807 Capus

229 2819 376 2857 autem
404 2813 638 2858 Anchisem
670 2813 961 2860 Rilscleelius
985 2817 1017 2860 l.
1044 2817 1076 2861 Z.
1105 2814 1206 2861 496
1236 2815 1320 2875 (ef.
1350 2816 1496 2875 488),
1539 2831 1644 2862 eum
1684 2823 1729 2862 et
1765 2817 1891 2877 Capis
1919 2818 2141 2862 Anchisen

228 2886 385 2929 minus
423 2889 553 2929 recle
591 2886 837 2931 dedissem.
949 2887 1166 2930 ancissem
1194 2887 1344 2932 Bern.
1375 2888 1419 2931 B
1457 2889 1662 2947 Agcisem
1692 2889 1848 2933 Allius
1872 2891 2069 2946 scripsit

232 2953 331 2999 655
359 2954 448 2999 duo
492 2955 634 3000 Viteb.
675 2955 760 3000 (lua
787 2959 938 3002 ceteri
959 2957 1093 3002 libri:
1122 2957 1188 3015 ef.
1218 2957 1541 3012 Quintilianus
1566 2959 1597 3003 I
1620 2959 1667 3016 5,
1700 2959 1761 3003 15
1875 2959 1974 3004 656
2002 2958 2137 3003 duum

231 3025 377 3069 uirum
413 3026 528 3070 libri
659 3025 757 3072 657
786 3027 1071 3072 internicioni
1099 3027 1228 3076 Leicl.
1264 3028 1304 3072 Α
1317 3061 1330 3087 ,
1367 3030 1543 3088 probat
1580 3030 1802 3075 Klotzius
1839 3029 2140 3074 interlectioni

230 3095 358 3140 Leid.
391 3096 427 3140 C
449 3111 507 3140 m.
541 3096 566 3140 1
656 3094 780 3143 ‘658
809 3103 960 3157 paret,
1003 3112 1132 3142 corr.
1161 3104 1396 3158 pararetur
1422 3099 1551 3145 Leicl.
1581 3101 1626 3144 B
1663 3101 1721 3145 sit
1751 3100 2009 3156 Charisius,
2052 3103 2144 3145 nisi

227 3164 358 3223 forle
386 3180 492 3210 cum
518 3167 570 3211 L.
600 3167 834 3214 Muellero
862 3183 974 3213 sinn.
1000 3169 1180 3227 plu‘loll.
1213 3169 1346 3216 1868
1372 3184 1421 3227 p.
1449 3169 1550 3216 439
1590 3172 1652 3215 sic
1680 3178 1724 3215 et
1751 3171 1962 3231 Virgilius
1990 3173 2139 3215 corri-

230 3237 433 3294 gendum
461 3242 546 3282 est.
658 3238 756 3284 659
785 3240 966 3283 satietas
993 3238 1123 3284 Leid.
1156 3237 1195 3283 C
1217 3241 1321 3285 Erl.
1433 3241 1624 3300 supplici
1650 3242 1777 3286 Leid.
1807 3241 1900 3286 BC
1934 3240 2139 3300 supplicii

247 3307 435 3352 Vindob.
475 3307 680 3367 supplitii
705 3310 832 3354 Leid.
862 3310 903 3354 Α
941 3309 1145 3369 supplicy
1173 3310 1277 3356 Erl.
1392 3311 1494 3357 660
1520 3312 1623 3355 hinc
1645 3312 1862 3371 fortasse
1889 3311 2138 3357 delendum

233 3375 357 3433 (uide
382 3375 568 3436 supra),
598 3384 682 3424 aut
706 3380 750 3424 in
777 3381 1152 3426 substituendum
1242 3381 1448 3426 colomen
1477 3381 1564 3426 alte
1591 3383 1779 3441 geminis
1801 3384 1991 3440 scripsi⁷
2013 3381 2137 3425 Par—

232 3460 428 3492 nassum
453 3448 744 3508 intelleyeizs.
787 3450 1063 3495 colomenale
1090 3451 1282 3510 geminis
1306 3453 1418 3497 libri
1444 3455 1670 3511 plerique
1703 3452 1905 3497 colomen
1933 3451 2139 3510 alagemi—

233 3516 301 3560 nis
330 3516 506 3563 Geneu.
536 3519 765 3564 colomena
792 3521 888 3565 lece
915 3521 1045 3566 minis
1071 3533 1156 3565 ms,
1183 3522 1315 3567 Iunii
1337 3522 1446 3567 colis
1475 3524 1663 3567 menemi
1690 3523 1784 3566 lece
1809 3534 1918 3566 mss.
1948 3521 2143 3566 Bartlzii

234 3585 439 3631 columen
466 3588 558 3633 alae
585 3590 775 3649 geminis
806 3591 1058 3637 Turnebus
1083 3592 1203 3637 Adu.
1233 3593 1413 3638 XXIX
1435 3593 1501 3639 20
1609 3592 1762 3636 aether
1799 3593 1843 3635 in
1871 3605 1960 3651 quo
1987 3591 2136 3637 lumen

235 3655 321 3700 alte
360 3671 404 3716 g.
443 3672 482 3706 a.
523 3673 562 3704 0.
601 3659 733 3718 (luna
773 3660 897 3720 scil.)
937 3663 1270 3708 Buechelerus
