<?xml version="1.0" encoding="UTF-8"?>
<!DOCTYPE html PUBLIC "-//W3C//DTD XHTML 1.0 Transitional//EN"
    "http://www.w3.org/TR/xhtml1/DTD/xhtml1-transitional.dtd">
<html xmlns="http://www.w3.org/1999/xhtml" xml:lang="en" lang="en">
 <head>
  <title>
</title>
<meta http-equiv="Content-Type" content="text/html;charset=utf-8" />
  <meta name='ocr-system' content='tesseract 3.04.00' />
  <meta name='ocr-capabilities' content='ocr_page ocr_carea ocr_par ocr_line ocrx_word'/>
</head>
<body>
  <div class='ocr_page' id='page_1' title='image "./scaenicaeromano01ribbuoft_0220.png"; bbox 0 0 2294 3844; ppageno 0'>
   <div class='ocr_carea' id='block_1_1' title="bbox 179 214 1311 268">
    <p class='ocr_par' dir='ltr' id='par_1_1' title="bbox 179 214 1311 268">
     <span class='ocr_line' id='line_1_1' title="bbox 179 214 1311 268; baseline 0.001 -13"><span class='ocrx_word' id='word_1_1' title='bbox 179 217 278 268; x_wconf 76' lang='lat'><strong>122</strong></span> <span class='ocrx_word' id='word_1_2' title='bbox 925 217 983 256; x_wconf 88' lang='lat' dir='ltr'><strong>M.</strong></span> <span class='ocrx_word' id='word_1_3' title='bbox 1016 214 1311 257; x_wconf 76' lang='lat' dir='ltr'><strong>PAcvvwe</strong></span> 
     </span>
    </p>
   </div>
   <div class='ocr_carea' id='block_1_2' title="bbox 325 345 1478 415">
    <p class='ocr_par' dir='ltr' id='par_1_2' title="bbox 325 345 1478 415">
     <span class='ocr_line' id='line_1_2' title="bbox 325 345 1478 415; baseline -0.001 -17"><span class='ocrx_word' id='word_1_4' title='bbox 325 347 571 398; x_wconf 67' lang='lat' dir='ltr'><strong>Tractate</strong></span> <span class='ocrx_word' id='word_1_5' title='bbox 611 366 704 415; x_wconf 84' lang='lat' dir='ltr'><strong>per</strong></span> <span class='ocrx_word' id='word_1_6' title='bbox 746 365 931 415; x_wconf 82' lang='grc'><strong>359013</strong></span> <span class='ocrx_word' id='word_1_7' title='bbox 975 347 1101 397; x_wconf 66' lang='lat' dir='ltr'><strong>saxa</strong></span> <span class='ocrx_word' id='word_1_8' title='bbox 1143 348 1196 397; x_wconf 86' lang='lat' dir='ltr'><strong>et</strong></span> <span class='ocrx_word' id='word_1_9' title='bbox 1233 345 1478 414; x_wconf 87' lang='lat' dir='ltr'><strong>humum,</strong></span> 
     </span>
    </p>
   </div>
   <div class='ocr_carea' id='block_1_3' title="bbox 326 441 1012 494">
    <p class='ocr_par' dir='ltr' id='par_1_3' title="bbox 326 441 1012 494">
     <span class='ocr_line' id='line_1_3' title="bbox 326 441 1012 494; baseline -0.001 0"><span class='ocrx_word' id='word_1_10' title='bbox 326 441 562 494; x_wconf 77' lang='lat' dir='ltr'><strong>Sciudste</strong></span> <span class='ocrx_word' id='word_1_11' title='bbox 603 446 805 494; x_wconf 74' lang='lat' dir='ltr'><strong>uestem</strong></span> <span class='ocrx_word' id='word_1_12' title='bbox 847 443 1012 494; x_wconf 76' lang='lat' dir='ltr'><strong>ocius!</strong></span> 
     </span>
    </p>
   </div>
   <div class='ocr_carea' id='block_1_4' title="bbox 324 535 1722 756">
    <p class='ocr_par' dir='ltr' id='par_1_4' title="bbox 324 535 1722 756">
     <span class='ocr_line' id='line_1_4' title="bbox 928 535 1322 607; baseline 0 -18"><span class='ocrx_word' id='word_1_13' title='bbox 928 537 978 589; x_wconf 90' lang='lat' dir='ltr'>V</span> <span class='ocrx_word' id='word_1_14' title='bbox 1019 535 1185 607; x_wconf 77' lang='lat' dir='ltr'><strong>(Atal.</strong></span> <span class='ocrx_word' id='word_1_15' title='bbox 1227 535 1322 607; x_wconf 77' lang='lat'><strong>25)</strong></span> 
     </span>
     <span class='ocr_line' id='line_1_5' title="bbox 1633 612 1722 663; baseline 0.011 -1"><span class='ocrx_word' id='word_1_16' title='bbox 1633 612 1722 663; x_wconf 84' lang='lat' dir='ltr'><strong>ah!</strong></span> 
     </span>
     <span class='ocr_line' id='line_1_6' title="bbox 324 685 1499 756; baseline -0.003 -16"><span class='ocrx_word' id='word_1_17' title='bbox 324 685 526 756; x_wconf 73' lang='lat' dir='ltr'><strong>Cepisti</strong></span> <span class='ocrx_word' id='word_1_18' title='bbox 565 706 647 739; x_wconf 84' lang='lat' dir='ltr'><strong>me</strong></span> <span class='ocrx_word' id='word_1_19' title='bbox 688 688 820 739; x_wconf 79' lang='lat' dir='ltr'><strong>istoc</strong></span> <span class='ocrx_word' id='word_1_20' title='bbox 863 687 1049 754; x_wconf 68' lang='lat' dir='ltr'><strong>uerbo,</strong></span> <span class='ocrx_word' id='word_1_21' title='bbox 1089 687 1368 738; x_wconf 74' lang='lat' dir='ltr'><strong>miseretur</strong></span> <span class='ocrx_word' id='word_1_22' title='bbox 1406 687 1499 737; x_wconf 81' lang='lat' dir='ltr'><strong>tui.</strong></span> 
     </span>
    </p>
   </div>
   <div class='ocr_carea' id='block_1_5' title="bbox 179 779 1999 1428">
    <p class='ocr_par' dir='ltr' id='par_1_5' title="bbox 179 779 1999 1428">
     <span class='ocr_line' id='line_1_7' title="bbox 1002 779 1242 853; baseline -0.004 -18"><span class='ocrx_word' id='word_1_23' title='bbox 1002 779 1081 835; x_wconf 93' lang='lat' dir='ltr'>VI</span> <span class='ocrx_word' id='word_1_24' title='bbox 1122 781 1242 853; x_wconf 74' lang='lat'>(27)</span> 
     </span>
     <span class='ocr_line' id='line_1_8' title="bbox 179 877 1702 948; baseline 0 -18"><span class='ocrx_word' id='word_1_25' title='bbox 179 882 286 933; x_wconf 70' lang='lat'><strong>355</strong></span> <span class='ocrx_word' id='word_1_26' title='bbox 327 880 542 932; x_wconf 73' lang='lat' dir='ltr'><strong>Miseret</strong></span> <span class='ocrx_word' id='word_1_27' title='bbox 582 898 688 947; x_wconf 82' lang='lat' dir='ltr'><strong>me,</strong></span> <span class='ocrx_word' id='word_1_28' title='bbox 726 880 961 931; x_wconf 79' lang='lat' dir='ltr'>lacrimis</span> <span class='ocrx_word' id='word_1_29' title='bbox 1000 877 1189 948; x_wconf 77' lang='lat' dir='ltr'><strong>lingua</strong></span> <span class='ocrx_word' id='word_1_30' title='bbox 1228 879 1472 931; x_wconf 76' lang='lat' dir='ltr'><strong>debiliter</strong></span> <span class='ocrx_word' id='word_1_31' title='bbox 1511 882 1702 948; x_wconf 80' lang='lat' dir='ltr'><strong>Stupet.</strong></span> 
     </span>
     <span class='ocr_line' id='line_1_9' title="bbox 990 973 1258 1045; baseline 0.004 -18"><span class='ocrx_word' id='word_1_32' title='bbox 990 975 1097 1027; x_wconf 92' lang='lat' dir='ltr'><strong>VII</strong></span> <span class='ocrx_word' id='word_1_33' title='bbox 1139 973 1258 1045; x_wconf 76' lang='lat'>(28)</span> 
     </span>
     <span class='ocr_line' id='line_1_10' title="bbox 328 1070 1643 1140; baseline 0 -18"><span class='ocrx_word' id='word_1_34' title='bbox 328 1072 441 1133; x_wconf 80' lang='lat' dir='ltr'><strong>Qua</strong></span> <span class='ocrx_word' id='word_1_35' title='bbox 483 1074 534 1122; x_wconf 74' lang='lat' dir='ltr'><strong>te</strong></span> <span class='ocrx_word' id='word_1_36' title='bbox 576 1070 918 1140; x_wconf 67' lang='lat' dir='ltr'><strong>adplicauist-i&#39;</strong></span> <span class='ocrx_word' id='word_1_37' title='bbox 954 1075 1064 1123; x_wconf 77' lang='lat' dir='ltr'><strong>tam</strong></span> <span class='ocrx_word' id='word_1_38' title='bbox 1105 1072 1373 1123; x_wconf 80' lang='lat' dir='ltr'><strong>aerumnis</strong></span> <span class='ocrx_word' id='word_1_39' title='bbox 1414 1071 1643 1123; x_wconf 74' lang='lat' dir='ltr'><strong>obruta?</strong></span> 
     </span>
     <span class='ocr_line' id='line_1_11' title="bbox 994 1165 1254 1237; baseline -0.004 -17"><span class='ocrx_word' id='word_1_40' title='bbox 994 1168 1130 1220; x_wconf 88' lang='lat' dir='ltr'>VIII</span> <span class='ocrx_word' id='word_1_41' title='bbox 1172 1165 1254 1237; x_wconf 86' lang='lat'><strong>(1)</strong></span> 
     </span>
     <span class='ocr_line' id='line_1_12' title="bbox 1464 1263 1999 1332; baseline -0.002 -17"><span class='ocrx_word' id='word_1_42' title='bbox 1464 1264 1593 1332; x_wconf 87' lang='lat' dir='ltr'><strong>quin</strong></span> <span class='ocrx_word' id='word_1_43' title='bbox 1633 1263 1794 1314; x_wconf 71' lang='lat' dir='ltr'><strong>etiam</strong></span> <span class='ocrx_word' id='word_1_44' title='bbox 1832 1263 1999 1331; x_wconf 85' lang='lat' dir='ltr'><strong>ferae,</strong></span> 
     </span>
     <span class='ocr_line' id='line_1_13' title="bbox 323 1359 1946 1428; baseline -0.001 -16"><span class='ocrx_word' id='word_1_45' title='bbox 323 1359 528 1422; x_wconf 77' lang='lat' dir='ltr'><strong>Qusbus</strong></span> <span class='ocrx_word' id='word_1_46' title='bbox 570 1360 720 1410; x_wconf 77' lang='lat' dir='ltr'><strong>abest·</strong></span> <span class='ocrx_word' id='word_1_47' title='bbox 761 1360 826 1410; x_wconf 80' lang='lat' dir='ltr'><strong>ad</strong></span> <span class='ocrx_word' id='word_1_48' title='bbox 866 1359 1293 1427; x_wconf 75' lang='lat' dir='ltr'><strong>praecauendum</strong></span> <span class='ocrx_word' id='word_1_49' title='bbox 1334 1359 1686 1428; x_wconf 72' lang='lat' dir='ltr'><strong>intellegendi</strong></span> <span class='ocrx_word' id='word_1_50' title='bbox 1727 1359 1946 1428; x_wconf 78' lang='lat' dir='ltr'><strong>astutia,</strong></span> 
     </span>
    </p>
   </div>
   <div class='ocr_carea' id='block_1_6' title="bbox 325 1454 1791 1527">
    <p class='ocr_par' dir='ltr' id='par_1_6' title="bbox 325 1454 1791 1527">
     <span class='ocr_line' id='line_1_14' title="bbox 325 1454 1791 1527; baseline -0.001 -19"><span class='ocrx_word' id='word_1_51' title='bbox 325 1455 536 1527; x_wconf 78' lang='lat' dir='ltr'><strong>[Mortis</strong></span> <span class='ocrx_word' id='word_1_52' title='bbox 577 1456 676 1507; x_wconf 78' lang='lat' dir='ltr'><strong>sibi</strong></span> <span class='ocrx_word' id='word_1_53' title='bbox 716 1458 917 1507; x_wconf 80' lang='lat' dir='ltr'><strong>terrore</strong></span> <span class='ocrx_word' id='word_1_54' title='bbox 958 1454 1173 1526; x_wconf 85' lang='lat' dir='ltr'><strong>iniecto]</strong></span> <span class='ocrx_word' id='word_1_55' title='bbox 1216 1457 1534 1508; x_wconf 76' lang='lat' dir='ltr'><strong>horrescunt</strong></span> <span class='ocrx_word' id='word_1_56' title='bbox 1575 1497 1791 1507; x_wconf 89' lang='grc'><strong>.....</strong></span> 
     </span>
    </p>
   </div>
   <div class='ocr_carea' id='block_1_7' title="bbox 172 1602 2080 2675">
    <p class='ocr_par' dir='ltr' id='par_1_7' title="bbox 175 1602 2080 1939">
     <span class='ocr_line' id='line_1_15' title="bbox 178 1602 2080 1659; baseline -0.002 -13"><span class='ocrx_word' id='word_1_57' title='bbox 178 1605 431 1659; x_wconf 88' lang='lat' dir='ltr'><strong>paesticum</strong></span> <span class='ocrx_word' id='word_1_58' title='bbox 463 1603 604 1644; x_wconf 85' lang='lat' dir='ltr'><strong>melos</strong></span> <span class='ocrx_word' id='word_1_59' title='bbox 635 1604 756 1643; x_wconf 84' lang='lat' dir='ltr'><strong>binis</strong></span> <span class='ocrx_word' id='word_1_60' title='bbox 790 1603 984 1656; x_wconf 89' lang='lat' dir='ltr'><strong>pedibus</strong></span> <span class='ocrx_word' id='word_1_61' title='bbox 1016 1608 1141 1644; x_wconf 86' lang='lat' dir='ltr'><strong>amat</strong></span> <span class='ocrx_word' id='word_1_62' title='bbox 1172 1616 1354 1644; x_wconf 85' lang='lat' dir='ltr'><strong>sensum</strong></span> <span class='ocrx_word' id='word_1_63' title='bbox 1383 1603 1630 1654; x_wconf 80' lang='lat' dir='ltr'>includere,</span> <span class='ocrx_word' id='word_1_64' title='bbox 1662 1607 1714 1643; x_wconf 92' lang='lat' dir='ltr'><strong>ut</strong></span> <span class='ocrx_word' id='word_1_65' title='bbox 1745 1603 1866 1656; x_wconf 86' lang='lat' dir='ltr'><strong>apud</strong></span> <span class='ocrx_word' id='word_1_66' title='bbox 1887 1602 2080 1643; x_wconf 88' lang='lat' dir='ltr'><strong>Actium.</strong></span> 
     </span>
     <span class='ocr_line' id='line_1_16' title="bbox 175 1659 2080 1713; baseline -0.002 -10"><span class='ocrx_word' id='word_1_67' title='bbox 175 1663 346 1703; x_wconf 84' lang='lat' dir='ltr'>Contra</span> <span class='ocrx_word' id='word_1_68' title='bbox 379 1661 610 1701; x_wconf 82' lang='lat' dir='ltr'><strong>Pacuuius</strong></span> <span class='ocrx_word' id='word_1_69' title='bbox 642 1673 809 1701; x_wconf 82' lang='lat' dir='ltr'><strong>nouare</strong></span> <span class='ocrx_word' id='word_1_70' title='bbox 842 1661 1122 1713; x_wconf 84' lang='lat' dir='ltr'><strong>propositum</strong></span> <span class='ocrx_word' id='word_1_71' title='bbox 1151 1661 1313 1701; x_wconf 88' lang='lat' dir='ltr'><strong>uolens</strong></span> <span class='ocrx_word' id='word_1_72' title='bbox 1345 1660 1491 1700; x_wconf 90' lang='lat' dir='ltr'><strong>noluit</strong></span> <span class='ocrx_word' id='word_1_73' title='bbox 1522 1661 1645 1699; x_wconf 87' lang='lat' dir='ltr'><strong>intra</strong></span> <span class='ocrx_word' id='word_1_74' title='bbox 1676 1660 1807 1701; x_wconf 88' lang='lat' dir='ltr'><strong>binos</strong></span> <span class='ocrx_word' id='word_1_75' title='bbox 1839 1659 1995 1712; x_wconf 87' lang='lat' dir='ltr'><strong>pedes,</strong></span> <span class='ocrx_word' id='word_1_76' title='bbox 2027 1663 2080 1699; x_wconf 83' lang='lat' dir='ltr'><strong>ut</strong></span> 
     </span>
     <span class='ocr_line' id='line_1_17' title="bbox 175 1716 2077 1772; baseline -0.003 -13"><span class='ocrx_word' id='word_1_77' title='bbox 175 1720 407 1772; x_wconf 81' lang='lat' dir='ltr'><strong>superius,</strong></span> <span class='ocrx_word' id='word_1_78' title='bbox 449 1717 575 1757; x_wconf 87' lang='lat' dir='ltr'><strong>finire</strong></span> <span class='ocrx_word' id='word_1_79' title='bbox 609 1730 809 1765; x_wconf 87' lang='grc'><strong>5011511111,</strong></span> <span class='ocrx_word' id='word_1_80' title='bbox 853 1717 934 1757; x_wconf 82' lang='grc' dir='ltr'><strong>5οᾶ</strong></span> <span class='ocrx_word' id='word_1_81' title='bbox 973 1717 1224 1757; x_wconf 86' lang='lat' dir='ltr'><strong>secundum</strong></span> <span class='ocrx_word' id='word_1_82' title='bbox 1255 1717 1518 1769; x_wconf 88' lang='lat' dir='ltr'><strong>Euripidem</strong></span> <span class='ocrx_word' id='word_1_83' title='bbox 1558 1716 1832 1767; x_wconf 87' lang='lat' dir='ltr'><strong>dactylicum</strong></span> <span class='ocrx_word' id='word_1_84' title='bbox 1873 1721 2077 1768; x_wconf 86' lang='lat' dir='ltr'><strong>metrum,</strong></span> 
     </span>
     <span class='ocr_line' id='line_1_18' title="bbox 176 1773 2079 1828; baseline -0.002 -13"><span class='ocrx_word' id='word_1_85' title='bbox 176 1776 291 1828; x_wconf 88' lang='lat' dir='ltr'><strong>quod</strong></span> <span class='ocrx_word' id='word_1_86' title='bbox 323 1774 598 1828; x_wconf 84' lang='lat' dir='ltr'><strong>appellatur,</strong></span> <span class='ocrx_word' id='word_1_87' title='bbox 632 1774 836 1825; x_wconf 80' lang='lat' dir='ltr'><strong>induxit,</strong></span> <span class='ocrx_word' id='word_1_88' title='bbox 870 1777 920 1813; x_wconf 91' lang='lat' dir='ltr'><strong>ut</strong></span> <span class='ocrx_word' id='word_1_89' title='bbox 950 1775 1144 1814; x_wconf 87' lang='lat' dir='ltr'><strong>nominis</strong></span> <span class='ocrx_word' id='word_1_90' title='bbox 1176 1774 1367 1813; x_wconf 88' lang='lat' dir='ltr'><strong>mutatio</strong></span> <span class='ocrx_word' id='word_1_91' title='bbox 1391 1774 1704 1813; x_wconf 84' lang='lat' dir='ltr'><strong>diuersitatem</strong></span> <span class='ocrx_word' id='word_1_92' title='bbox 1737 1773 1891 1825; x_wconf 84' lang='lat' dir='ltr'><strong>daret,</strong></span> <span class='ocrx_word' id='word_1_93' title='bbox 1924 1773 2079 1812; x_wconf 84' lang='lat' dir='ltr'><strong>huius-</strong></span> 
     </span>
     <span class='ocr_line' id='line_1_19' title="bbox 176 1829 2080 1883; baseline -0.002 -11"><span class='ocrx_word' id='word_1_94' title='bbox 176 1832 295 1872; x_wconf 87' lang='lat' dir='ltr'><strong>modi</strong></span> <span class='ocrx_word' id='word_1_95' title='bbox 326 1832 513 1871; x_wconf 83' lang='lat' dir='ltr'><strong>stasimo</strong></span> <span class='ocrx_word' id='word_1_96' title='bbox 546 1844 627 1870; x_wconf 88' lang='lat' dir='ltr'><strong>seu</strong></span> <span class='ocrx_word' id='word_1_97' title='bbox 658 1830 844 1883; x_wconf 79' lang='lat' dir='ltr'>periodo</span> <span class='ocrx_word' id='word_1_98' title='bbox 876 1843 984 1870; x_wconf 82' lang='lat' dir='ltr'><strong>usus</strong></span> <span class='ocrx_word' id='word_1_99' title='bbox 1011 1861 1047 1871; x_wconf 91' lang='lat'><strong>..</strong></span> <span class='ocrx_word' id='word_1_100' title='bbox 1067 1834 1102 1871; x_wconf 86' lang='lat'><strong>.’</strong></span> <span class='ocrx_word' id='word_1_101' title='bbox 1136 1831 1419 1870; x_wconf 88' lang='lat' dir='ltr'><strong>Baccharum</strong></span> <span class='ocrx_word' id='word_1_102' title='bbox 1449 1830 1497 1869; x_wconf 90' lang='lat' dir='ltr'><strong>in</strong></span> <span class='ocrx_word' id='word_1_103' title='bbox 1517 1829 1719 1882; x_wconf 84' lang='lat' dir='ltr'>Antiopa</span> <span class='ocrx_word' id='word_1_104' title='bbox 1754 1829 1888 1869; x_wconf 81' lang='lat' dir='ltr'><strong>choro</strong></span> <span class='ocrx_word' id='word_1_105' title='bbox 1920 1829 2080 1868; x_wconf 77' lang='lat' dir='ltr'><strong>tribuit</strong></span> 
     </span>
     <span class='ocr_line' id='line_1_20' title="bbox 175 1886 2076 1939; baseline -0.002 -11"><span class='ocrx_word' id='word_1_106' title='bbox 175 1889 290 1929; x_wconf 89' lang='lat' dir='ltr'><strong>conl.</strong></span> <span class='ocrx_word' id='word_1_107' title='bbox 326 1888 380 1927; x_wconf 88' lang='lat' dir='ltr'><strong>fr.</strong></span> <span class='ocrx_word' id='word_1_108' title='bbox 405 1887 494 1927; x_wconf 79' lang='lat' dir='ltr'><strong>XII</strong></span> <span class='ocrx_word' id='word_1_109' title='bbox 526 1888 807 1939; x_wconf 86' lang='lat' dir='ltr'><strong>Hartungus.</strong></span> <span class='ocrx_word' id='word_1_110' title='bbox 906 1887 944 1927; x_wconf 89' lang='lat' dir='ltr'>V</span> <span class='ocrx_word' id='word_1_111' title='bbox 975 1887 1088 1927; x_wconf 88' lang='lat' dir='ltr'><strong>Non.</strong></span> <span class='ocrx_word' id='word_1_112' title='bbox 1108 1889 1207 1938; x_wconf 83' lang='lat'>477,</span> <span class='ocrx_word' id='word_1_113' title='bbox 1232 1889 1282 1927; x_wconf 85' lang='grc'><strong>16</strong></span> <span class='ocrx_word' id='word_1_114' title='bbox 1316 1886 1645 1927; x_wconf 78' lang='lat' dir='ltr'><strong>‘miseretur</strong></span> <span class='ocrx_word' id='word_1_115' title='bbox 1676 1900 1755 1939; x_wconf 89' lang='lat' dir='ltr'><strong>pro</strong></span> <span class='ocrx_word' id='word_1_116' title='bbox 1779 1887 1965 1926; x_wconf 79' lang='lat' dir='ltr'><strong>miseret</strong></span> <span class='ocrx_word' id='word_1_117' title='bbox 1983 1916 1992 1925; x_wconf 90' lang='lat'><strong><em>.</em></strong></span> <span class='ocrx_word' id='word_1_118' title='bbox 2013 1917 2022 1926; x_wconf 86' lang='lat'><strong>.</strong></span> <span class='ocrx_word' id='word_1_119' title='bbox 2040 1889 2076 1925; x_wconf 89' lang='lat'><strong>.’</strong></span> 
     </span>
    </p>

    <p class='ocr_par' dir='ltr' id='par_1_8' title="bbox 172 1941 2080 2675">
     <span class='ocr_line' id='line_1_21' title="bbox 287 1941 2080 1994; baseline 0 -12"><span class='ocrx_word' id='word_1_120' title='bbox 287 1945 348 1985; x_wconf 90' lang='lat' dir='ltr'>VI</span> <span class='ocrx_word' id='word_1_121' title='bbox 378 1944 494 1984; x_wconf 88' lang='lat' dir='ltr'><strong>Non.</strong></span> <span class='ocrx_word' id='word_1_122' title='bbox 528 1945 597 1992; x_wconf 80' lang='lat'><strong>98,</strong></span> <span class='ocrx_word' id='word_1_123' title='bbox 631 1945 681 1983; x_wconf 85' lang='lat'><strong>17</strong></span> <span class='ocrx_word' id='word_1_124' title='bbox 717 1943 1041 1994; x_wconf 80' lang='lat' dir='ltr'><strong>‘debiliter,</strong></span> <span class='ocrx_word' id='word_1_125' title='bbox 1074 1943 1347 1984; x_wconf 84' lang='lat' dir='ltr'><strong>debilitate.’</strong></span> <span class='ocrx_word' id='word_1_126' title='bbox 1389 1941 1733 1994; x_wconf 86' lang='lat' dir='ltr'><strong>(Paucuuius</strong></span> <span class='ocrx_word' id='word_1_127' title='bbox 1766 1942 1947 1993; x_wconf 87' lang='lat' dir='ltr'><strong>Bamb.)</strong></span> <span class='ocrx_word' id='word_1_128' title='bbox 1980 1943 2080 1982; x_wconf 91' lang='lat' dir='ltr'><strong>Hoc</strong></span> 
     </span>
     <span class='ocr_line' id='line_1_22' title="bbox 175 1999 2077 2054; baseline -0.002 -12"><span class='ocrx_word' id='word_1_129' title='bbox 175 2006 220 2042; x_wconf 85' lang='lat' dir='ltr'><strong>et</strong></span> <span class='ocrx_word' id='word_1_130' title='bbox 252 2013 448 2054; x_wconf 81' lang='lat' dir='ltr'><strong>sequens</strong></span> <span class='ocrx_word' id='word_1_131' title='bbox 479 2000 533 2042; x_wconf 89' lang='lat' dir='ltr'><strong>fr.</strong></span> <span class='ocrx_word' id='word_1_132' title='bbox 565 2001 714 2052; x_wconf 82' lang='lat' dir='ltr'><strong>potuit</strong></span> <span class='ocrx_word' id='word_1_133' title='bbox 745 2001 792 2039; x_wconf 90' lang='lat' dir='ltr'><strong>in</strong></span> <span class='ocrx_word' id='word_1_134' title='bbox 823 2001 1022 2052; x_wconf 86' lang='lat' dir='ltr'><strong>Antiopa</strong></span> <span class='ocrx_word' id='word_1_135' title='bbox 1053 1999 1201 2040; x_wconf 90' lang='lat' dir='ltr'><strong>locum</strong></span> <span class='ocrx_word' id='word_1_136' title='bbox 1230 2000 1425 2048; x_wconf 85' lang='lat' dir='ltr'><strong>habere3</strong></span> <span class='ocrx_word' id='word_1_137' title='bbox 1468 1999 1547 2039; x_wconf 86' lang='lat' dir='ltr'><strong>sed</strong></span> <span class='ocrx_word' id='word_1_138' title='bbox 1579 1999 1633 2039; x_wconf 87' lang='lat' dir='ltr'><strong>fr.</strong></span> <span class='ocrx_word' id='word_1_139' title='bbox 1668 2000 1745 2049; x_wconf 94' lang='lat' dir='ltr'><strong>VI,</strong></span> <span class='ocrx_word' id='word_1_140' title='bbox 1778 2000 1817 2039; x_wconf 89' lang='lat' dir='ltr'><strong>si</strong></span> <span class='ocrx_word' id='word_1_141' title='bbox 1851 1999 2077 2051; x_wconf 74' lang='lat' dir='ltr'><strong>exemplo-</strong></span> 
     </span>
     <span class='ocr_line' id='line_1_23' title="bbox 172 2054 2078 2109; baseline -0.002 -12"><span class='ocrx_word' id='word_1_142' title='bbox 172 2072 270 2098; x_wconf 87' lang='lat' dir='ltr'><strong>rum</strong></span> <span class='ocrx_word' id='word_1_143' title='bbox 291 2058 655 2097; x_wconf 84' lang='lat' dir='ltr'><strong>Pacuuianorum</strong></span> <span class='ocrx_word' id='word_1_144' title='bbox 687 2056 809 2109; x_wconf 86' lang='lat' dir='ltr'><strong>apud</strong></span> <span class='ocrx_word' id='word_1_145' title='bbox 831 2057 1023 2097; x_wconf 89' lang='lat' dir='ltr'><strong>Nonium</strong></span> <span class='ocrx_word' id='word_1_146' title='bbox 1044 2056 1151 2096; x_wconf 86' lang='lat' dir='ltr'><strong>inde</strong></span> <span class='ocrx_word' id='word_1_147' title='bbox 1185 2070 1211 2096; x_wconf 90' lang='lat' dir='ltr'><strong>a</strong></span> <span class='ocrx_word' id='word_1_148' title='bbox 1234 2071 1274 2109; x_wconf 90' lang='lat' dir='ltr'><strong>p.</strong></span> <span class='ocrx_word' id='word_1_149' title='bbox 1299 2058 1352 2096; x_wconf 87' lang='grc'><strong>96</strong></span> <span class='ocrx_word' id='word_1_150' title='bbox 1375 2057 1537 2096; x_wconf 84' lang='grc'><strong>50110111</strong></span> <span class='ocrx_word' id='word_1_151' title='bbox 1570 2057 1808 2108; x_wconf 80' lang='lat' dir='ltr'><strong>respicias,</strong></span> <span class='ocrx_word' id='word_1_152' title='bbox 1842 2069 1898 2095; x_wconf 82' lang='lat' dir='ltr'><strong>ex</strong></span> <span class='ocrx_word' id='word_1_153' title='bbox 1928 2054 2078 2095; x_wconf 86' lang='lat' dir='ltr'><strong>Iliona</strong></span> 
     </span>
     <span class='ocr_line' id='line_1_24' title="bbox 174 2110 2078 2167; baseline -0.002 -13"><span class='ocrx_word' id='word_1_154' title='bbox 174 2115 326 2167; x_wconf 83' lang='lat' dir='ltr'><strong>potius</strong></span> <span class='ocrx_word' id='word_1_155' title='bbox 366 2113 548 2153; x_wconf 86' lang='lat' dir='ltr'><strong>uidetur</strong></span> <span class='ocrx_word' id='word_1_156' title='bbox 589 2118 850 2166; x_wconf 80' lang='lat' dir='ltr'><strong>excerptum</strong></span> <span class='ocrx_word' id='word_1_157' title='bbox 889 2127 1006 2154; x_wconf 86' lang='lat' dir='ltr'><strong>esse.</strong></span> <span class='ocrx_word' id='word_1_158' title='bbox 1156 2113 1243 2153; x_wconf 92' lang='lat' dir='ltr'><strong>VII</strong></span> <span class='ocrx_word' id='word_1_159' title='bbox 1275 2114 1540 2153; x_wconf 82' lang='lat' dir='ltr'><strong>Priscianus</strong></span> <span class='ocrx_word' id='word_1_160' title='bbox 1570 2113 1634 2152; x_wconf 88' lang='lat' dir='ltr'>IX</span> <span class='ocrx_word' id='word_1_161' title='bbox 1666 2126 1708 2165; x_wconf 89' lang='lat' dir='ltr'><strong>p.</strong></span> <span class='ocrx_word' id='word_1_162' title='bbox 1737 2113 1820 2153; x_wconf 89' lang='grc'><strong>860</strong></span> <span class='ocrx_word' id='word_1_163' title='bbox 1851 2113 1900 2154; x_wconf 90' lang='lat' dir='ltr'><strong>P.</strong></span> <span class='ocrx_word' id='word_1_164' title='bbox 1934 2110 2078 2164; x_wconf 77' lang='lat' dir='ltr'><strong>‘plico</strong></span> 
     </span>
     <span class='ocr_line' id='line_1_25' title="bbox 175 2169 2076 2224; baseline -0.002 -14"><span class='ocrx_word' id='word_1_165' title='bbox 175 2171 319 2224; x_wconf 78' lang='lat' dir='ltr'><strong>plicas</strong></span> <span class='ocrx_word' id='word_1_166' title='bbox 353 2170 494 2222; x_wconf 86' lang='lat' dir='ltr'><strong>plicui</strong></span> <span class='ocrx_word' id='word_1_167' title='bbox 524 2169 601 2210; x_wconf 91' lang='lat' dir='ltr'><strong>uel</strong></span> <span class='ocrx_word' id='word_1_168' title='bbox 632 2169 851 2222; x_wconf 84' lang='lat' dir='ltr'><strong>plicaui</strong></span> <span class='ocrx_word' id='word_1_169' title='bbox 889 2202 898 2209; x_wconf 91' lang='lat'><strong>.</strong></span> <span class='ocrx_word' id='word_1_170' title='bbox 923 2201 932 2210; x_wconf 90' lang='lat'><strong>.</strong></span> <span class='ocrx_word' id='word_1_171' title='bbox 959 2201 968 2209; x_wconf 92' lang='lat'>.</span> <span class='ocrx_word' id='word_1_172' title='bbox 1003 2170 1236 2210; x_wconf 90' lang='lat' dir='ltr'><strong>inuenitur</strong></span> <span class='ocrx_word' id='word_1_173' title='bbox 1257 2174 1410 2210; x_wconf 86' lang='lat' dir='ltr'><strong>tamen</strong></span> <span class='ocrx_word' id='word_1_174' title='bbox 1442 2170 1583 2209; x_wconf 81' lang='lat' dir='ltr'><strong>etiam</strong></span> <span class='ocrx_word' id='word_1_175' title='bbox 1607 2182 1706 2209; x_wconf 85' lang='lat' dir='ltr'><strong>cum</strong></span> <span class='ocrx_word' id='word_1_176' title='bbox 1735 2169 2076 2221; x_wconf 82' lang='lat' dir='ltr'><strong>praepositione</strong></span> 
     </span>
     <span class='ocr_line' id='line_1_26' title="bbox 174 2224 2077 2279; baseline -0.003 -12"><span class='ocrx_word' id='word_1_177' title='bbox 174 2229 220 2267; x_wconf 90' lang='lat' dir='ltr'><strong>in</strong></span> <span class='ocrx_word' id='word_1_178' title='bbox 253 2227 330 2267; x_wconf 89' lang='lat' dir='ltr'><strong>aui</strong></span> <span class='ocrx_word' id='word_1_179' title='bbox 362 2227 539 2267; x_wconf 85' lang='lat' dir='ltr'><strong>faciens</strong></span> <span class='ocrx_word' id='word_1_180' title='bbox 572 2227 888 2279; x_wconf 77' lang='lat' dir='ltr'><strong>praeteritum,</strong></span> <span class='ocrx_word' id='word_1_181' title='bbox 923 2227 1001 2267; x_wconf 87' lang='lat' dir='ltr'><strong>sed</strong></span> <span class='ocrx_word' id='word_1_182' title='bbox 1032 2227 1079 2266; x_wconf 90' lang='lat' dir='ltr'><strong>in</strong></span> <span class='ocrx_word' id='word_1_183' title='bbox 1110 2240 1212 2266; x_wconf 88' lang='lat' dir='ltr'><strong>raro</strong></span> <span class='ocrx_word' id='word_1_184' title='bbox 1244 2239 1342 2266; x_wconf 86' lang='lat' dir='ltr'><strong>usu.</strong></span> <span class='ocrx_word' id='word_1_185' title='bbox 1379 2227 1610 2265; x_wconf 85' lang='lat' dir='ltr'><strong>Pacuuius</strong></span> <span class='ocrx_word' id='word_1_186' title='bbox 1642 2257 1650 2264; x_wconf 95' lang='lat'>.</span> <span class='ocrx_word' id='word_1_187' title='bbox 1671 2257 1678 2264; x_wconf 94' lang='lat'><em>.</em></span> <span class='ocrx_word' id='word_1_188' title='bbox 1698 2229 1734 2266; x_wconf 87' lang='lat'><strong>.’</strong></span> <span class='ocrx_word' id='word_1_189' title='bbox 1775 2224 2077 2274; x_wconf 86' lang='lat' dir='ltr'><strong>(Pacubius</strong></span> 
     </span>
     <span class='ocr_line' id='line_1_27' title="bbox 174 2280 2075 2336; baseline -0.003 -12"><span class='ocrx_word' id='word_1_190' title='bbox 174 2284 313 2336; x_wconf 82' lang='lat' dir='ltr'><strong>Sang.</strong></span> <span class='ocrx_word' id='word_1_191' title='bbox 348 2282 476 2322; x_wconf 88' lang='lat' dir='ltr'><strong>Grut.</strong></span> <span class='ocrx_word' id='word_1_192' title='bbox 510 2282 719 2334; x_wconf 86' lang='lat' dir='ltr'><strong>Carolir.)</strong></span> <span class='ocrx_word' id='word_1_193' title='bbox 761 2283 829 2322; x_wconf 88' lang='lat' dir='ltr'><strong>Cf.</strong></span> <span class='ocrx_word' id='word_1_194' title='bbox 860 2283 1086 2335; x_wconf 84' lang='lat' dir='ltr'><strong>Antiopae</strong></span> <span class='ocrx_word' id='word_1_195' title='bbox 1120 2283 1174 2323; x_wconf 90' lang='lat' dir='ltr'><strong>fr.</strong></span> <span class='ocrx_word' id='word_1_196' title='bbox 1200 2283 1304 2322; x_wconf 86' lang='lat' dir='ltr'><strong>XIV</strong></span> <span class='ocrx_word' id='word_1_197' title='bbox 1418 2282 1531 2323; x_wconf 93' lang='lat' dir='ltr'>VIII</span> <span class='ocrx_word' id='word_1_198' title='bbox 1572 2281 1732 2321; x_wconf 86' lang='lat' dir='ltr'><strong>Cicero</strong></span> <span class='ocrx_word' id='word_1_199' title='bbox 1765 2281 1820 2320; x_wconf 91' lang='lat' dir='ltr'><strong>de</strong></span> <span class='ocrx_word' id='word_1_200' title='bbox 1852 2281 1926 2320; x_wconf 88' lang='lat' dir='ltr'><strong>fin.</strong></span> <span class='ocrx_word' id='word_1_201' title='bbox 1947 2280 1987 2321; x_wconf 94' lang='lat' dir='ltr'><strong>V</strong></span> <span class='ocrx_word' id='word_1_202' title='bbox 2011 2282 2075 2326; x_wconf 89' lang='grc'><strong>11,</strong></span> 
     </span>
     <span class='ocr_line' id='line_1_28' title="bbox 174 2336 2076 2392; baseline -0.003 -11"><span class='ocrx_word' id='word_1_203' title='bbox 174 2343 223 2381; x_wconf 87' lang='grc'><strong>31</strong></span> <span class='ocrx_word' id='word_1_204' title='bbox 260 2345 444 2380; x_wconf 78' lang='lat' dir='ltr'><strong>‘omnes</strong></span> <span class='ocrx_word' id='word_1_205' title='bbox 475 2344 600 2379; x_wconf 86' lang='lat' dir='ltr'><strong>metu</strong></span> <span class='ocrx_word' id='word_1_206' title='bbox 631 2341 786 2379; x_wconf 83' lang='lat' dir='ltr'><strong>mortis</strong></span> <span class='ocrx_word' id='word_1_207' title='bbox 819 2339 1079 2380; x_wconf 82' lang='lat' dir='ltr'><strong>afficiuntur</strong></span> <span class='ocrx_word' id='word_1_208' title='bbox 1115 2370 1126 2381; x_wconf 84' lang='lat'><strong>.</strong></span> <span class='ocrx_word' id='word_1_209' title='bbox 1156 2371 1164 2380; x_wconf 90' lang='lat'><strong>.</strong></span> <span class='ocrx_word' id='word_1_210' title='bbox 1190 2370 1199 2380; x_wconf 92' lang='lat'><strong>.</strong></span> <span class='ocrx_word' id='word_1_211' title='bbox 1241 2339 1367 2392; x_wconf 91' lang='lat' dir='ltr'><strong>quin</strong></span> <span class='ocrx_word' id='word_1_212' title='bbox 1402 2339 1568 2378; x_wconf 86' lang='lat' dir='ltr'><strong>etiam</strong></span> <span class='ocrx_word' id='word_1_213' title='bbox 1600 2339 1776 2388; x_wconf 85' lang='lat' dir='ltr'><strong>ferae,</strong></span> <span class='ocrx_word' id='word_1_214' title='bbox 1809 2337 1960 2390; x_wconf 91' lang='lat' dir='ltr'><strong>inquit</strong></span> <span class='ocrx_word' id='word_1_215' title='bbox 1988 2336 2076 2376; x_wconf 80' lang='lat' dir='ltr'><strong>Pa-</strong></span> 
     </span>
     <span class='ocr_line' id='line_1_29' title="bbox 176 2393 2076 2448; baseline -0.002 -12"><span class='ocrx_word' id='word_1_216' title='bbox 176 2398 358 2448; x_wconf 83' lang='lat' dir='ltr'><strong>cuuius,</strong></span> <span class='ocrx_word' id='word_1_217' title='bbox 393 2397 593 2448; x_wconf 82' lang='lat' dir='ltr'><strong>quibus</strong></span> <span class='ocrx_word' id='word_1_218' title='bbox 624 2397 790 2436; x_wconf 89' lang='lat' dir='ltr'><strong>abest</strong></span> <span class='ocrx_word' id='word_1_219' title='bbox 823 2395 887 2436; x_wconf 87' lang='lat' dir='ltr'><strong>ad</strong></span> <span class='ocrx_word' id='word_1_220' title='bbox 918 2409 961 2448; x_wconf 90' lang='lat' dir='ltr'><strong>p.</strong></span> <span class='ocrx_word' id='word_1_221' title='bbox 996 2397 1024 2439; x_wconf 89' lang='lat' dir='ltr'><strong>i.</strong></span> <span class='ocrx_word' id='word_1_222' title='bbox 1057 2409 1098 2439; x_wconf 87' lang='lat' dir='ltr'><strong>a.</strong></span> <span class='ocrx_word' id='word_1_223' title='bbox 1131 2396 1346 2435; x_wconf 89' lang='lat' dir='ltr'><strong>iniecto</strong></span> <span class='ocrx_word' id='word_1_224' title='bbox 1378 2400 1594 2435; x_wconf 86' lang='lat' dir='ltr'><strong>terrore</strong></span> <span class='ocrx_word' id='word_1_225' title='bbox 1627 2395 1820 2434; x_wconf 85' lang='lat' dir='ltr'><strong>mortis</strong></span> <span class='ocrx_word' id='word_1_226' title='bbox 1853 2393 2076 2434; x_wconf 87' lang='lat' dir='ltr'><strong>horres-</strong></span> 
     </span>
     <span class='ocr_line' id='line_1_30' title="bbox 174 2449 2076 2500; baseline -0.002 -8"><span class='ocrx_word' id='word_1_227' title='bbox 174 2457 338 2493; x_wconf 80' lang='lat' dir='ltr'><strong>cunt.⁷</strong></span> <span class='ocrx_word' id='word_1_228' title='bbox 400 2453 562 2492; x_wconf 84' lang='lat' dir='ltr'><strong>Vocem</strong></span> <span class='ocrx_word' id='word_1_229' title='bbox 610 2452 950 2493; x_wconf 85' lang='lat' dir='ltr'><strong>horrescunt</strong></span> <span class='ocrx_word' id='word_1_230' title='bbox 989 2453 1304 2491; x_wconf 86' lang='lat' dir='ltr'><strong>Pacuuianam</strong></span> <span class='ocrx_word' id='word_1_231' title='bbox 1349 2464 1447 2491; x_wconf 89' lang='lat' dir='ltr'><strong>esse</strong></span> <span class='ocrx_word' id='word_1_232' title='bbox 1489 2455 1646 2492; x_wconf 88' lang='lat' dir='ltr'><strong>censet</strong></span> <span class='ocrx_word' id='word_1_233' title='bbox 1686 2450 1948 2500; x_wconf 81' lang='lat' dir='ltr'><strong>Maduicus‚</strong></span> <span class='ocrx_word' id='word_1_234' title='bbox 1994 2449 2076 2489; x_wconf 85' lang='lat' dir='ltr'><strong>illa</strong></span> 
     </span>
     <span class='ocr_line' id='line_1_31' title="bbox 175 2506 2077 2561; baseline -0.001 -13"><span class='ocrx_word' id='word_1_235' title='bbox 175 2516 348 2550; x_wconf 85' lang='lat' dir='ltr'><strong>autem:</strong></span> <span class='ocrx_word' id='word_1_236' title='bbox 383 2510 595 2549; x_wconf 85' lang='lat' dir='ltr'><strong>iniecto</strong></span> <span class='ocrx_word' id='word_1_237' title='bbox 629 2514 842 2549; x_wconf 87' lang='lat' dir='ltr'><strong>terrore</strong></span> <span class='ocrx_word' id='word_1_238' title='bbox 877 2509 1092 2559; x_wconf 86' lang='lat' dir='ltr'><strong>mortis,</strong></span> <span class='ocrx_word' id='word_1_239' title='bbox 1128 2521 1246 2561; x_wconf 87' lang='lat' dir='ltr'><strong>quae</strong></span> <span class='ocrx_word' id='word_1_240' title='bbox 1277 2509 1325 2547; x_wconf 90' lang='lat' dir='ltr'><strong>in</strong></span> <span class='ocrx_word' id='word_1_241' title='bbox 1355 2521 1516 2548; x_wconf 88' lang='lat' dir='ltr'><strong>uersus</strong></span> <span class='ocrx_word' id='word_1_242' title='bbox 1548 2508 1740 2560; x_wconf 85' lang='lat' dir='ltr'><strong>speciem</strong></span> <span class='ocrx_word' id='word_1_243' title='bbox 1763 2506 1941 2559; x_wconf 86' lang='lat' dir='ltr'><strong>redegi,</strong></span> <span class='ocrx_word' id='word_1_244' title='bbox 1974 2519 2077 2546; x_wconf 89' lang='lat' dir='ltr'><strong>con-</strong></span> 
     </span>
     <span class='ocr_line' id='line_1_32' title="bbox 177 2561 2076 2608; baseline -0.002 -3"><span class='ocrx_word' id='word_1_245' title='bbox 177 2570 375 2606; x_wconf 84' lang='lat' dir='ltr'><strong>tractam</strong></span> <span class='ocrx_word' id='word_1_246' title='bbox 407 2567 453 2604; x_wconf 90' lang='lat' dir='ltr'><strong>in</strong></span> <span class='ocrx_word' id='word_1_247' title='bbox 482 2566 669 2605; x_wconf 87' lang='lat' dir='ltr'><strong>breuius</strong></span> <span class='ocrx_word' id='word_1_248' title='bbox 701 2565 896 2605; x_wconf 83' lang='lat' dir='ltr'><strong>Pacuuii</strong></span> <span class='ocrx_word' id='word_1_249' title='bbox 927 2566 1205 2605; x_wconf 84' lang='lat' dir='ltr'><strong>sententiam</strong></span> <span class='ocrx_word' id='word_1_250' title='bbox 1239 2564 1467 2608; x_wconf 78' lang='lat' dir='ltr'><strong>exhibere.</strong></span> <span class='ocrx_word' id='word_1_251' title='bbox 1529 2564 1683 2604; x_wconf 85' lang='lat' dir='ltr'><strong>Statui</strong></span> <span class='ocrx_word' id='word_1_252' title='bbox 1713 2567 1865 2604; x_wconf 88' lang='lat' dir='ltr'><strong>autem</strong></span> <span class='ocrx_word' id='word_1_253' title='bbox 1903 2561 2076 2602; x_wconf 83' lang='lat' dir='ltr'><strong>Vlixem</strong></span> 
     </span>
     <span class='ocr_line' id='line_1_33' title="bbox 174 2621 1342 2675; baseline -0.001 -14"><span class='ocrx_word' id='word_1_254' title='bbox 174 2623 220 2661; x_wconf 92' lang='lat' dir='ltr'><strong>in</strong></span> <span class='ocrx_word' id='word_1_255' title='bbox 252 2622 485 2662; x_wconf 85' lang='lat' dir='ltr'><strong>Armorum</strong></span> <span class='ocrx_word' id='word_1_256' title='bbox 515 2621 687 2662; x_wconf 83' lang='lat' dir='ltr'><strong>iudicio</strong></span> <span class='ocrx_word' id='word_1_257' title='bbox 719 2621 798 2662; x_wconf 84' lang='lat' dir='ltr'><strong>hoc</strong></span> <span class='ocrx_word' id='word_1_258' title='bbox 832 2621 1037 2675; x_wconf 82' lang='lat' dir='ltr'><strong>exemplo</strong></span> <span class='ocrx_word' id='word_1_259' title='bbox 1068 2635 1198 2661; x_wconf 89' lang='lat' dir='ltr'><strong>usum</strong></span> <span class='ocrx_word' id='word_1_260' title='bbox 1230 2634 1342 2661; x_wconf 86' lang='lat' dir='ltr'><strong>esse.</strong></span> 
     </span>
    </p>
   </div>
   <div class='ocr_carea' id='block_1_8' title="bbox 174 2765 2076 3182">
    <p class='ocr_par' dir='ltr' id='par_1_9' title="bbox 174 2765 2076 3182">
     <span class='ocr_line' id='line_1_34' title="bbox 176 2765 2076 2829; baseline -0.002 -13"><span class='ocrx_word' id='word_1_261' title='bbox 176 2784 278 2816; x_wconf 80' lang='lat' dir='ltr'><strong>esse</strong></span> <span class='ocrx_word' id='word_1_262' title='bbox 305 2772 419 2816; x_wconf 79' lang='lat' dir='ltr'><strong>uidit</strong></span> <span class='ocrx_word' id='word_1_263' title='bbox 460 2771 711 2816; x_wconf 82' lang='lat' dir='ltr'><strong>Vsenerus.</strong></span> <span class='ocrx_word' id='word_1_264' title='bbox 751 2772 996 2816; x_wconf 76' lang='lat' dir='ltr'><strong>Audacius</strong></span> <span class='ocrx_word' id='word_1_265' title='bbox 1031 2773 1137 2815; x_wconf 80' lang='lat' dir='ltr'><strong>olim</strong></span> <span class='ocrx_word' id='word_1_266' title='bbox 1173 2776 1217 2815; x_wconf 78' lang='lat' dir='ltr'><strong>ec</strong></span> <span class='ocrx_word' id='word_1_267' title='bbox 1242 2774 1393 2816; x_wconf 81' lang='lat' dir='ltr'><strong>minus</strong></span> <span class='ocrx_word' id='word_1_268' title='bbox 1419 2776 1551 2815; x_wconf 72' lang='lat' dir='ltr'><strong>recte</strong></span> <span class='ocrx_word' id='word_1_269' title='bbox 1587 2768 1705 2829; x_wconf 77' lang='lat' dir='ltr'><strong>agite</strong></span> <span class='ocrx_word' id='word_1_270' title='bbox 1731 2765 1876 2828; x_wconf 82' lang='lat' dir='ltr'><strong>rapite</strong></span> <span class='ocrx_word' id='word_1_271' title='bbox 1903 2767 2076 2812; x_wconf 83' lang='lat' dir='ltr'><strong>uoluite</strong></span> 
     </span>
     <span class='ocr_line' id='line_1_35' title="bbox 174 2839 2074 2901; baseline -0.002 -15"><span class='ocrx_word' id='word_1_272' title='bbox 174 2842 287 2886; x_wconf 75' lang='lat' dir='ltr'><strong>ferte</strong></span> <span class='ocrx_word' id='word_1_273' title='bbox 314 2843 553 2886; x_wconf 70' lang='lat' dir='ltr'><strong>dederam.</strong></span> <span class='ocrx_word' id='word_1_274' title='bbox 700 2841 799 2887; x_wconf 90' lang='grc'><strong>353</strong></span> <span class='ocrx_word' id='word_1_275' title='bbox 839 2856 906 2901; x_wconf 80' lang='lat' dir='ltr'><strong>sq.</strong></span> <span class='ocrx_word' id='word_1_276' title='bbox 947 2849 989 2885; x_wconf 80' lang='grc'><strong>31</strong></span> <span class='ocrx_word' id='word_1_277' title='bbox 1029 2842 1207 2900; x_wconf 80' lang='lat' dir='ltr'><strong>cepisti,</strong></span> <span class='ocrx_word' id='word_1_278' title='bbox 1260 2855 1513 2899; x_wconf 77' lang='lat' dir='ltr'><strong>suprascr.</strong></span> <span class='ocrx_word' id='word_1_279' title='bbox 1553 2854 1624 2897; x_wconf 83' lang='grc'><strong>30,</strong></span> <span class='ocrx_word' id='word_1_280' title='bbox 1674 2841 1730 2884; x_wconf 88' lang='lat' dir='ltr'><em>W</em></span> <span class='ocrx_word' id='word_1_281' title='bbox 1774 2839 1826 2883; x_wconf 81' lang='grc'><strong>311</strong></span> <span class='ocrx_word' id='word_1_282' title='bbox 1865 2839 2074 2898; x_wconf 76' lang='lat' dir='ltr'><strong>accepisti</strong></span> 
     </span>
     <span class='ocr_line' id='line_1_36' title="bbox 176 2908 2076 2971; baseline -0.002 -15"><span class='ocrx_word' id='word_1_283' title='bbox 176 2914 342 2957; x_wconf 82' lang='lat' dir='ltr'><strong>Bumb.</strong></span> <span class='ocrx_word' id='word_1_284' title='bbox 381 2918 425 2955; x_wconf 76' lang='lat' dir='ltr'><strong>at</strong></span> <span class='ocrx_word' id='word_1_285' title='bbox 450 2926 498 2956; x_wconf 88' lang='grc'><strong>30</strong></span> <span class='ocrx_word' id='word_1_286' title='bbox 525 2913 681 2971; x_wconf 75' lang='lat' dir='ltr'><strong>cepisti</strong></span> <span class='ocrx_word' id='word_1_287' title='bbox 711 2915 860 2957; x_wconf 79' lang='lat' dir='ltr'><strong>celeri</strong></span> <span class='ocrx_word' id='word_1_288' title='bbox 894 2914 1007 2957; x_wconf 84' lang='lat' dir='ltr'><strong>libri</strong></span> <span class='ocrx_word' id='word_1_289' title='bbox 1031 2911 1232 2956; x_wconf 76' lang='lat' dir='ltr'><strong>Atalanta</strong></span> <span class='ocrx_word' id='word_1_290' title='bbox 1259 2911 1417 2971; x_wconf 81' lang='lat' dir='ltr'><strong>(quusi</strong></span> <span class='ocrx_word' id='word_1_291' title='bbox 1438 2912 1641 2970; x_wconf 81' lang='lat' dir='ltr'><strong>fabulae</strong></span> <span class='ocrx_word' id='word_1_292' title='bbox 1667 2908 1879 2967; x_wconf 79' lang='lat' dir='ltr'><strong>nomen).·</strong></span> <span class='ocrx_word' id='word_1_293' title='bbox 1917 2909 2076 2968; x_wconf 76' lang='lat' dir='ltr'><strong>cepisti</strong></span> 
     </span>
     <span class='ocr_line' id='line_1_37' title="bbox 176 2979 2073 3041; baseline -0.002 -14"><span class='ocrx_word' id='word_1_294' title='bbox 176 2983 426 3027; x_wconf 76' lang='lat' dir='ltr'><strong>Mercerus</strong></span> <span class='ocrx_word' id='word_1_295' title='bbox 452 2988 540 3026; x_wconf 79' lang='grc'><strong>3131</strong></span> <span class='ocrx_word' id='word_1_296' title='bbox 567 2984 723 3041; x_wconf 74' lang='lat' dir='ltr'><strong>cepisti</strong></span> <span class='ocrx_word' id='word_1_297' title='bbox 753 2983 1010 3028; x_wconf 81' lang='lat' dir='ltr'><strong>Gulielmus</strong></span> <span class='ocrx_word' id='word_1_298' title='bbox 1037 2986 1083 3027; x_wconf 83' lang='lat' dir='ltr'><strong>iu</strong></span> <span class='ocrx_word' id='word_1_299' title='bbox 1109 2982 1276 3027; x_wconf 78' lang='lat' dir='ltr'><strong>Plauti</strong></span> <span class='ocrx_word' id='word_1_300' title='bbox 1301 2982 1434 3040; x_wconf 80' lang='lat' dir='ltr'><strong>Cupt.</strong></span> <span class='ocrx_word' id='word_1_301' title='bbox 1465 2996 1507 3027; x_wconf 85' lang='lat' dir='ltr'><strong>c.</strong></span> <span class='ocrx_word' id='word_1_302' title='bbox 1534 2981 1563 3027; x_wconf 88' lang='lat'>5</span> <span class='ocrx_word' id='word_1_303' title='bbox 1664 2980 1764 3026; x_wconf 78' lang='lat'><strong>354</strong></span> <span class='ocrx_word' id='word_1_304' title='bbox 1791 2982 1907 3025; x_wconf 86' lang='lat' dir='ltr'><strong>istoc</strong></span> <span class='ocrx_word' id='word_1_305' title='bbox 1934 2979 2073 3024; x_wconf 86' lang='lat' dir='ltr'><strong>uerbo</strong></span> 
     </span>
     <span class='ocr_line' id='line_1_38' title="bbox 176 3049 2075 3098; baseline -0.001 -3"><span class='ocrx_word' id='word_1_306' title='bbox 176 3052 427 3097; x_wconf 78' lang='lat' dir='ltr'><strong>Mercerus</strong></span> <span class='ocrx_word' id='word_1_307' title='bbox 466 3052 552 3096; x_wconf 82' lang='lat' dir='ltr'><strong>isto</strong></span> <span class='ocrx_word' id='word_1_308' title='bbox 593 3067 690 3097; x_wconf 78' lang='lat' dir='ltr'><strong>cuin</strong></span> <span class='ocrx_word' id='word_1_309' title='bbox 732 3053 838 3097; x_wconf 79' lang='lat' dir='ltr'><strong>erbo</strong></span> <span class='ocrx_word' id='word_1_310' title='bbox 878 3054 936 3097; x_wconf 89' lang='lat' dir='ltr'><em>W</em></span> <span class='ocrx_word' id='word_1_311' title='bbox 971 3054 1057 3097; x_wconf 89' lang='lat' dir='ltr'><strong>isto</strong></span> <span class='ocrx_word' id='word_1_312' title='bbox 1095 3066 1193 3097; x_wconf 87' lang='lat' dir='ltr'><strong>cum</strong></span> <span class='ocrx_word' id='word_1_313' title='bbox 1232 3052 1370 3097; x_wconf 85' lang='lat' dir='ltr'><strong>herbo</strong></span> <span class='ocrx_word' id='word_1_314' title='bbox 1410 3054 1561 3098; x_wconf 80' lang='lat' dir='ltr'><strong>ceteri</strong></span> <span class='ocrx_word' id='word_1_315' title='bbox 1592 3052 1704 3097; x_wconf 81' lang='lat' dir='ltr'><strong>libri</strong></span> <span class='ocrx_word' id='word_1_316' title='bbox 1808 3049 2075 3094; x_wconf 74' lang='lat' dir='ltr'><strong>‘miseretur</strong></span> 
     </span>
     <span class='ocr_line' id='line_1_39' title="bbox 180 3121 2070 3182; baseline -0.002 -15"><span class='ocrx_word' id='word_1_317' title='bbox 180 3122 270 3167; x_wconf 79' lang='lat' dir='ltr'><strong>[ui’</strong></span> <span class='ocrx_word' id='word_1_318' title='bbox 314 3123 509 3167; x_wconf 82' lang='lat' dir='ltr'><strong>uerbum</strong></span> <span class='ocrx_word' id='word_1_319' title='bbox 547 3126 669 3167; x_wconf 75' lang='lat' dir='ltr'><strong>istuc</strong></span> <span class='ocrx_word' id='word_1_320' title='bbox 707 3127 1058 3182; x_wconf 72' lang='lat' dir='ltr'><strong>interpretatur</strong></span> <span class='ocrx_word' id='word_1_321' title='bbox 1096 3123 1426 3168; x_wconf 74' lang='lat' dir='ltr'><strong>Buechelerus</strong></span> <span class='ocrx_word' id='word_1_322' title='bbox 1553 3121 1653 3167; x_wconf 82' lang='lat'><strong>356</strong></span> <span class='ocrx_word' id='word_1_323' title='bbox 1693 3136 1777 3181; x_wconf 79' lang='lat' dir='ltr'><strong>qua</strong></span> <span class='ocrx_word' id='word_1_324' title='bbox 1809 3121 1972 3166; x_wconf 85' lang='lat' dir='ltr'><strong><em>Bamb.</em></strong></span> <span class='ocrx_word' id='word_1_325' title='bbox 2013 3135 2070 3163; x_wconf 90' lang='lat' dir='ltr'><strong>m.</strong></span> 
     </span>
    </p>
   </div>
   <div class='ocr_carea' id='block_1_9' title="bbox 177 3193 2074 3632">
    <p class='ocr_par' dir='ltr' id='par_1_10' title="bbox 177 3193 2074 3632">
     <span class='ocr_line' id='line_1_40' title="bbox 181 3193 2073 3281; baseline -0.003 -15"><span class='ocrx_word' id='word_1_326' title='bbox 181 3222 206 3265; x_wconf 90' lang='lat'>1</span> <span class='ocrx_word' id='word_1_327' title='bbox 248 3228 292 3266; x_wconf 81' lang='lat' dir='ltr'><strong>et</strong></span> <span class='ocrx_word' id='word_1_328' title='bbox 343 3235 463 3266; x_wconf 85' lang='lat' dir='ltr'><strong>unus</strong></span> <span class='ocrx_word' id='word_1_329' title='bbox 499 3222 728 3266; x_wconf 78' lang='lat' dir='ltr'><strong>librorum</strong></span> <span class='ocrx_word' id='word_1_330' title='bbox 767 3223 958 3267; x_wconf 80' lang='lat' dir='ltr'><strong>Krehlii</strong></span> <span class='ocrx_word' id='word_1_331' title='bbox 1003 3236 1115 3281; x_wconf 83' lang='lat' dir='ltr'><strong>quac</strong></span> <span class='ocrx_word' id='word_1_332' title='bbox 1155 3225 1305 3267; x_wconf 81' lang='lat' dir='ltr'><strong>ceteri</strong></span> <span class='ocrx_word' id='word_1_333' title='bbox 1350 3236 1438 3281; x_wconf 82' lang='lat' dir='ltr'><strong>quo</strong></span> <span class='ocrx_word' id='word_1_334' title='bbox 1478 3221 1679 3266; x_wconf 79' lang='lat' dir='ltr'><strong>Botlzius</strong></span> <span class='ocrx_word' id='word_1_335' title='bbox 1822 3193 2073 3277; x_wconf 65' lang='lat' dir='ltr'><strong>adplicauisti</strong></span> 
     </span>
     <span class='ocr_line' id='line_1_41' title="bbox 178 3279 2070 3352; baseline -0.001 -16"><span class='ocrx_word' id='word_1_336' title='bbox 178 3293 322 3337; x_wconf 81' lang='lat' dir='ltr'><em>Halh.</em></span> <span class='ocrx_word' id='word_1_337' title='bbox 350 3291 625 3351; x_wconf 75' lang='lat' dir='ltr'><strong>applicauisti</strong></span> <span class='ocrx_word' id='word_1_338' title='bbox 652 3293 768 3350; x_wconf 64' lang='lat' dir='ltr'><strong>Regs.</strong></span> <span class='ocrx_word' id='word_1_339' title='bbox 800 3294 966 3338; x_wconf 80' lang='lat' dir='ltr'><strong>Bumb.</strong></span> <span class='ocrx_word' id='word_1_340' title='bbox 998 3293 1144 3336; x_wconf 83' lang='lat' dir='ltr'><strong>Bern.</strong></span> <span class='ocrx_word' id='word_1_341' title='bbox 1175 3292 1320 3352; x_wconf 64' lang='lat' dir='ltr'><strong><em>Sanq.</em></strong></span> <span class='ocrx_word' id='word_1_342' title='bbox 1351 3292 1486 3337; x_wconf 82' lang='lat' dir='ltr'><strong>Grut.</strong></span> <span class='ocrx_word' id='word_1_343' title='bbox 1514 3291 1730 3335; x_wconf 83' lang='lat' dir='ltr'><strong>Kurolir.</strong></span> <span class='ocrx_word' id='word_1_344' title='bbox 1842 3294 1933 3333; x_wconf 84' lang='lat' dir='ltr'><strong>tam</strong></span> <span class='ocrx_word' id='word_1_345' title='bbox 1968 3279 2070 3334; x_wconf 76' lang='lat' dir='ltr'><strong>edd.</strong></span> 
     </span>
     <span class='ocr_line' id='line_1_42' title="bbox 177 3356 2074 3424; baseline -0.002 -18"><span class='ocrx_word' id='word_1_346' title='bbox 177 3368 287 3407; x_wconf 71' lang='lat' dir='ltr'><strong>(cute</strong></span> <span class='ocrx_word' id='word_1_347' title='bbox 313 3364 656 3407; x_wconf 79' lang='lat' dir='ltr'><strong>Asceusiuuum</strong></span> <span class='ocrx_word' id='word_1_348' title='bbox 682 3378 725 3406; x_wconf 85' lang='grc' dir='ltr'><strong>α.</strong></span> <span class='ocrx_word' id='word_1_349' title='bbox 759 3362 906 3418; x_wconf 80' lang='grc'><strong>1516,</strong></span> <span class='ocrx_word' id='word_1_350' title='bbox 950 3364 1140 3408; x_wconf 82' lang='lat' dir='ltr'><strong>Vossius</strong></span> <span class='ocrx_word' id='word_1_351' title='bbox 1164 3360 1262 3424; x_wconf 53' lang='lat' dir='ltr'><strong>fea:</strong></span> <span class='ocrx_word' id='word_1_352' title='bbox 1288 3361 1392 3407; x_wconf 88' lang='lat' dir='ltr'><strong>ms.&#39;</strong></span> <span class='ocrx_word' id='word_1_353' title='bbox 1435 3368 1578 3406; x_wconf 81' lang='grc'><strong>13111011</strong></span> <span class='ocrx_word' id='word_1_354' title='bbox 1607 3361 1720 3405; x_wconf 82' lang='lat' dir='ltr'><strong>libri</strong></span> <span class='ocrx_word' id='word_1_355' title='bbox 1825 3356 1984 3403; x_wconf 80' lang='lat' dir='ltr'><strong>obruta</strong></span> <span class='ocrx_word' id='word_1_356' title='bbox 2010 3373 2074 3404; x_wconf 74' lang='lat' dir='ltr'><strong>ex</strong></span> 
     </span>
     <span class='ocr_line' id='line_1_43' title="bbox 178 3429 2072 3491; baseline -0.001 -15"><span class='ocrx_word' id='word_1_357' title='bbox 178 3432 349 3477; x_wconf 81' lang='lat' dir='ltr'><strong>obrutis</strong></span> <span class='ocrx_word' id='word_1_358' title='bbox 383 3447 510 3478; x_wconf 79' lang='lat' dir='ltr'><strong>corr.</strong></span> <span class='ocrx_word' id='word_1_359' title='bbox 541 3433 707 3477; x_wconf 81' lang='lat' dir='ltr'><strong>Bumb.</strong></span> <span class='ocrx_word' id='word_1_360' title='bbox 747 3438 900 3476; x_wconf 81' lang='lat' dir='ltr'><strong>orruta</strong></span> <span class='ocrx_word' id='word_1_361' title='bbox 929 3432 1073 3491; x_wconf 69' lang='lat' dir='ltr'><strong>Suuy.</strong></span> <span class='ocrx_word' id='word_1_362' title='bbox 1105 3433 1240 3477; x_wconf 80' lang='lat' dir='ltr'><strong>Gruc.</strong></span> <span class='ocrx_word' id='word_1_363' title='bbox 1281 3431 1434 3475; x_wconf 75' lang='lat' dir='ltr'><strong>abruta</strong></span> <span class='ocrx_word' id='word_1_364' title='bbox 1464 3432 1682 3476; x_wconf 80' lang='lat' dir='ltr'><strong>Karolir.</strong></span> <span class='ocrx_word' id='word_1_365' title='bbox 1811 3429 1911 3475; x_wconf 82' lang='lat'><strong>358</strong></span> <span class='ocrx_word' id='word_1_366' title='bbox 1951 3436 2072 3474; x_wconf 81' lang='lat' dir='ltr'><strong>astu-</strong></span> 
     </span>
     <span class='ocr_line' id='line_1_44' title="bbox 179 3500 2073 3548; baseline -0.002 -1"><span class='ocrx_word' id='word_1_367' title='bbox 179 3504 265 3547; x_wconf 80' lang='grc'><strong>0135</strong></span> <span class='ocrx_word' id='word_1_368' title='bbox 291 3504 398 3547; x_wconf 83' lang='lat' dir='ltr'><strong>Pul.</strong></span> <span class='ocrx_word' id='word_1_369' title='bbox 439 3503 624 3547; x_wconf 78' lang='lat' dir='ltr'><strong>astuties</strong></span> <span class='ocrx_word' id='word_1_370' title='bbox 662 3503 936 3548; x_wconf 71' lang='lat' dir='ltr'><strong>dubitanter</strong></span> <span class='ocrx_word' id='word_1_371' title='bbox 972 3503 1230 3547; x_wconf 78' lang='lat' dir='ltr'><strong>Mucluicus</strong></span> <span class='ocrx_word' id='word_1_372' title='bbox 1359 3501 1459 3546; x_wconf 79' lang='lat'><strong>359</strong></span> <span class='ocrx_word' id='word_1_373' title='bbox 1498 3500 1664 3545; x_wconf 81' lang='lat' dir='ltr'><strong>iniecto</strong></span> <span class='ocrx_word' id='word_1_374' title='bbox 1704 3505 1877 3543; x_wconf 86' lang='lat' dir='ltr'><strong>terrore</strong></span> <span class='ocrx_word' id='word_1_375' title='bbox 1915 3500 2073 3545; x_wconf 83' lang='lat' dir='ltr'><strong>mortis</strong></span> 
     </span>
     <span class='ocr_line' id='line_1_45' title="bbox 179 3570 1720 3632; baseline -0.001 -16"><span class='ocrx_word' id='word_1_376' title='bbox 179 3573 449 3617; x_wconf 82' lang='lat' dir='ltr'><strong>horrescunt</strong></span> <span class='ocrx_word' id='word_1_377' title='bbox 489 3573 681 3632; x_wconf 82' lang='lat' dir='ltr'><strong>Cicero,</strong></span> <span class='ocrx_word' id='word_1_378' title='bbox 720 3574 806 3618; x_wconf 74' lang='lat' dir='ltr'><strong>secl</strong></span> <span class='ocrx_word' id='word_1_379' title='bbox 841 3573 1105 3617; x_wconf 84' lang='lat' dir='ltr'><strong>horrescent</strong></span> <span class='ocrx_word' id='word_1_380' title='bbox 1142 3573 1247 3617; x_wconf 84' lang='lat' dir='ltr'><em>Pal.</em></span> <span class='ocrx_word' id='word_1_381' title='bbox 1287 3571 1578 3617; x_wconf 77' lang='lat' dir='ltr'><strong>liorrcsccnte</strong></span> <span class='ocrx_word' id='word_1_382' title='bbox 1616 3570 1720 3615; x_wconf 86' lang='lat' dir='ltr'><strong>Erl.</strong></span> 
     </span>
    </p>
   </div>
  </div>
 </body>
</html>
