2299 3803
967 301 1035 353 ξι,
1067 301 1285 341 mvnvs
1979 300 2081 348 223

984 431 1113 484 XVI
1157 429 1277 501 (131)

551 572 558 580 .
624 531 847 597 quorum
891 528 1101 594 genitor
1143 529 1311 578 fertur
1352 546 1463 577 csse
1506 545 1602 593 ops
1643 526 1892 592 g‹'·ntibus

969 622 1129 675 xvn
1171 620 1291 693 (17)

179 724 286 775 670
328 765 336 773 .
403 765 411 774 .
475 723 526 773 in
570 723 751 771 moute
793 718 992 771 Oetaeo
1033 720 1213 770 illatae
1254 719 1526 787 lfinqmdes

970 816 997 846 ῆι
1115 853 1142 882 ἧς
1257 815 1284 846 2³2

328 955 631 966 .....
696 910 753 963 ιἰι
794 912 1011 964 domum
1053 912 1327 963 actermim
1368 911 1535 979 patris

981 1022 1111 1074 XIX
1155 1020 1274 1094 (29)

325 1121 583 1177 Scindens
624 1121 804 1172 dolore
846 1120 1137 1171 identidem
1176 1120 1449 1172 intonsftm
1490 1138 1695 1170 comam

996 1215 1099 1268 XX
1140 1214 1260 1286 (26)

178 1315 284 1368 675
398 1314 618 1382 Iamque
659 1313 925 1365 Auroram
967 1314 1186 1365 rutilzire
1226 1314 1412 1382 procul

399 1408 572 1462 Cerno

974 1504 1107 1558 XXI
1149 1503 1269 1576 (16)

324 1602 480 1656 Vnde
522 1603 671 1671 estis,
711 1605 931 1672 nautae,
969 1602 1074 1654 huc
1112 1600 1288 1654 hieme
1330 1602 1528 1654 delati?
1593 1644 1602 1653 .
1666 1644 1675 1653 .
1736 1640 1751 1656 .

987 1713 1148 1767 XXII
1189 1712 1272 1785 (3)

325 1810 565 1863 Peruzide
605 1811 813 1881 polum,
854 1809 1134 1880 splendida
1173 1810 1359 1862 mundi

286 1973 390 2015 XVI
422 1974 689 2013 Priscianus
712 1973 798 2013 VII
829 1987 871 2025 p.
898 1975 976 2014 752
999 1974 1049 2013 P.
1082 1973 1414 2013 ‘uetustissimi
1445 1976 1598 2012 tamen
1632 1973 1768 2011 etiam
1791 1972 1864 2012 hic
1897 1977 1943 2012 et
1964 1973 2077 2013 haec

175 2036 220 2070 et
250 2031 334 2071 hoc
367 2043 464 2082 ops
497 2035 542 2069 et
575 2043 685 2082 cops
717 2043 795 2082 pro
827 2031 1070 2083 opulentus
1103 2034 1148 2070 et
1179 2031 1392 2082 copiosus
1414 2029 1727 2081 proferebant.
1778 2030 1980 2069 Accius
2015 2030 2077 2070 de

175 2086 419 2127 Hercule
460 2087 678 2127 dicens:
721 2090 969 2138 quorum’
1004 2100 1041 2126 e.
1076 2100 1115 2139 q.
1147 2100 1181 2128 s.
1236 2090 1365 2138 ‘proz
1407 2098 1537 2138 opem
1575 2085 1728 2125 ferens
1772 2091 1818 2125 et
1859 2086 2075 2125 auxilium

173 2144 406 2196 gentibus.
473 2144 540 2181 sic
588 2141 799 2195 Caper)
849 2141 1065 2192 (actius
1111 2143 1250 2182 Halb.
1400 2141 1626 2182 hercule
1674 2142 1802 2181 Grut.
1852 2143 2076 2183 bertulo

172 2199 326 2252 Sang.)
387 2198 454 2239 Ad
487 2198 758 2238 Heraclidas
791 2199 875 2238 hoc
906 2203 950 2238 et
983 2212 1178 2251 sequens
1211 2199 1281 2248 fr.,
1315 2199 1423 2238 item
1454 2197 1537 2237 XV
1568 2197 1742 2238 rettuli.

284 2255 410 2296 XVII
445 2254 605 2295 Cicero
644 2255 697 2294 de
738 2260 832 2294 nat.
867 2255 988 2295 deor.
1019 2255 1089 2295 ΙΙΙ
1124 2257 1195 2306 16,
1228 2256 1280 2293 41
1323 2253 1571 2306 ‘quomodo
1610 2267 1728 2293 nunc
1770 2253 1948 2306 quidem
1993 2260 2075 2300 est,

171 2326 259 2352 non
290 2311 446 2362 uideo,
489 2324 575 2363 quo
616 2315 748 2364 pacto
787 2311 889 2359 ille,
932 2312 1005 2351 cui
1044 2312 1098 2351 in
1140 2315 1318 2351 monte
1352 2311 1565 2350 Oetaeo
1606 2310 1826 2350 inlatae
1859 2309 2075 2363 lampa-

173 2369 267 2409 ‹les
300 2369 507 2418 fuerunt,
539 2371 590 2407 ut
623 2368 688 2407 ait
718 2368 906 2419 Accius,
950 2369 1003 2407 in
1035 2368 1242 2408 domum
1276 2371 1561 2407 aeternam
1596 2367 1775 2418 patris
1808 2379 1862 2406 ex
1894 2366 1972 2405 illo
2006 2381 2074 2406 ar-

173 2426 278 2465 dore
303 2425 600 2477 peruenerit.’
635 2423 855 2474 (accius
879 2425 1008 2465 Leid.
1031 2425 1113 2463 AB
1150 2425 1347 2464 aeeius
1380 2423 1511 2463 Leid.
1536 2422 1569 2462 C
1603 2423 1858 2462 accutius
1881 2423 2075 2463 Vindob.

171 2496 226 2522 m.
262 2485 280 2521 1
315 2483 498 2521 actius
532 2480 720 2520 Vinclob.
752 2495 805 2521 m.
838 2483 862 2520 2
897 2482 1074 2521 attius
1106 2480 1217 2531 Erl.)
1335 2479 1444 2519 XIX
1477 2479 1638 2519 Cicero
1676 2479 1812 2521 Tusc.
1856 2479 1970 2531 disp.
2008 2480 2076 2520 III

170 2540 245 2586 26,
277 2539 329 2578 62
371 2541 454 2578 ‘ex
486 2538 573 2577 hac
604 2538 819 2590 opinione
853 2543 958 2577 sunt
994 2537 1078 2577 illa
1109 2537 1242 2576 uaria
1283 2539 1328 2576 et
1360 2535 1655 2576 detestabilia
1689 2548 1858 2585 genera
1891 2535 2074 2588 lugendi

249 2595 403 2636 ‚hinc
442 2594 519 2633 ille
560 2594 893 2646 Agamemno
933 2594 1207 2634 Homericus
1248 2598 1294 2633 et
1330 2592 1448 2632 idem
1487 2593 1736 2633 Accianus:
1778 2592 2073 2632 scindens’

172 2665 209 2695 e
214 2625 282 2704 q.
316 2663 349 2693 5
401 2649 593 2691 Conlato
624 2650 809 2690 Homeri
842 2663 897 2690 ex
927 2650 1071 2690 Iliade
1104 2651 1142 2690 X
1174 2663 1216 2691 ιι.
1252 2651 1302 2690 15
1340 2644 1519 2696 πολλὰς
1558 2641 1609 2689 εἰ(
1645 2648 1861 2701 κεφαλῆς
1892 2649 2070 2700 προθε-

174 2704 380 2760 λύμνους
413 2701 572 2748 ε’λκετο
604 2706 773 2760 χαίτας
804 2707 1091 2746 Duentzerus
1122 2702 1453 2759 Nyctegresiac
1485 2706 1702 2746 restituit.
1818 2704 1901 2744 XX
1935 2707 2074 2744 Varro

171 2763 226 2804 de
256 2763 286 2806 l.
319 2765 372 2804 L.
406 2763 490 2804 VII
529 2765 583 2804 83
613 2764 672 2806 M.
713 2763 863 2815 ‘apud
902 2765 1115 2803 Accium.
1155 2764 1364 2814 iamque’
1401 2776 1437 2801 e.
1474 2775 1515 2814 q.
1550 2775 1585 2802 5.
1632 2765 1864 2802 ‘aurora
1903 2761 2074 2801 dicitur

171 2823 277 2860 ante
309 2819 418 2860 solis
448 2823 617 2867 ortum,
650 2820 706 2859 ab
742 2833 794 2859 eo
827 2820 944 2872 quod
967 2820 1057 2859 ab
1045 2820 1141 2872 lgni
1164 2819 1273 2860 solis
1296 2823 1392 2858 tum
1415 2831 1550 2858 aureo
1573 2820 1653 2858 a'cr
1676 2821 1900 2860 aureseat
1943 2817 2071 2867 Quod

171 2877 301 2916 addit
330 2875 597 2920 rutilare
628 2880 698 2916 est
729 2876 784 2916 ab
818 2876 973 2916 eodem
1009 2876 1183 2924 colore;
1219 2876 1345 2915 aurei
1376 2877 1492 2914 enim
1524 2874 1674 2925 rutili,
1716 2879 1761 2914 et
1792 2873 1902 2913 inde
1932 2875 2071 2913 etiam

170 2933 384 2973 mulieres
415 2931 549 2971 ualde
581 2933 712 2972 rufae
735 2932 901 2971 rutilae
926 2933 1093 2972 dictae.
1102 2935 1115 2956 ’
1157 2931 1452 2984 Comparauit
1471 2933 1666 2971 Vaterus
1699 2931 1820 2970 chori
1855 2931 1900 2968 in
1922 2930 2072 2969 Rheso

172 3002 214 3032 ιι.
246 2991 350 3030 535.
385 2981 479 3035 αώς
513 2981 572 3040 δὴ
605 2985 752 3036 πέλας
785 2981 878 3036 οῗώς
912 2987 1138 3042 Γίγνεται
1167 3002 1208 3028 κ.
1241 3002 1279 3028 τ.
1314 2988 1350 3031 λ.
1474 2987 1582 3027 XXI
1613 2987 1798 3027 Seruius
1829 2987 1874 3025 in
1906 2986 2019 3025 Aen.
2053 2987 2071 3025 I

173 3047 250 3085 122
283 3045 480 3085 ‘hiems
521 3044 637 3085 duas
673 3058 745 3085 res
784 3044 1037 3098 significat,
1078 3049 1157 3084 aut
1194 3048 1373 3096 tempus
1407 3047 1485 3083 ult
1515 3043 1603 3082 uim
1635 3043 1788 3091 uenti,
1830 3054 1907 3095 per
1938 3055 2068 3094 quam

173 3102 316 3142 oritur
345 3104 594 3170 tempestas
624 3132 661 3142 ..
681 3105 715 3142 .'
767 3101 882 3153 Apte
914 3113 1152 3154 compares
1184 3114 1238 3140 ex
1269 3100 1530 3161 Sophoclis
1532 3099 1794 3139 Philocteta
1826 3111 1866 3138 u
1892 3100 1974 3139 220
2004 3099 2072 3164 τίς

171 3170 247 3204 νες
286 3171 375 3198 ποτ
435 3171 481 3205 ες
521 3171 610 3210 γην
647 3151 793 3209 τήνδε
833 3156 1040 3210 ναυτίλῳ
1078 3152 1233 3212 πλάτῃ
1273 3147 1530 3209 Κατὲσχετ’
1572 3148 1676 3197 οὔτ’
1717 3148 1920 3206 εὔορμον
1964 3147 2069 3195 οὔτ’

171 3210 482 3268 οἰκουμένην;
606 3213 739 3254 XXII
768 3214 910 3253 Varro
941 3213 995 3253 de
1026 3214 1056 3256 l.
1089 3214 1140 3253 L.
1163 3213 1251 3253 V11
1274 3215 1326 3253 14
1346 3215 1406 3253 Μ.
1441 3211 1584 3264 ‘quod
1615 3215 1682 3251 est
1715 3211 1837 3264 apud
1867 3210 2069 3250 Accium:

313 3377 411 3424 669
451 3391 550 3422 esse
588 3376 733 3422 fertur
769 3378 989 3424 Karolir.
1108 3375 1187 3421 ohs
1229 3375 1346 3436 Rey.
1495 3375 1596 3421 670
1632 3380 1836 3419 moetaeo
1875 3374 2001 3418 Leid.
2029 3373 2070 3416 A

173 3447 277 3492 Erl.
305 3447 411 3493 Pal.
455 3448 647 3493 Vindob.
686 3454 858 3493 metaeo
898 3449 1027 3493 Leid.
1058 3447 1098 3490 B
1267 3447 1364 3493 671
1407 3445 1644 3490 aetheriam
1688 3444 1986 3488 Fritzschius
2021 3445 2069 3486 in

173 3517 412 3576 Aristoph.
451 3517 579 3564 Rem.
609 3533 660 3576 p.
701 3517 792 3564 62:
842 3520 927 3563 sed
961 3520 1207 3563 errauisse
1255 3530 1305 3562 se
1344 3530 1450 3562 cum
1486 3518 1535 3560 in
1580 3515 1834 3559 Turicensi
1869 3514 2068 3558 editione

174 3591 433 3633 testaretur
469 3589 595 3634 Leid.
634 3589 675 3633 Α
711 3591 842 3634 illam
880 3591 1174 3647 scripturam
1211 3588 1438 3632 exhibere
1479 3586 1704 3630 Baiterus
1748 3586 1796 3627 in
1833 3583 2072 3641 Lipsiensi

174 3657 420 3702 aduolauit
