2294 3844
161 193 262 244 120
910 198 967 242 Μ,
1000 197 1299 241 PAevvws

303 323 409 385 Qui
446 343 661 377 causam
700 327 956 379 humilem
996 325 1153 378 dietis
1194 328 1432 396 amplent

958 423 1118 476 XVII
1159 419 1242 493 (9)

155 517 263 568 340
303 516 637 586 Quamquam
678 521 936 589 annisque
978 522 1031 571 eb
1071 521 1244 571 aetate
1283 519 1386 572 hoe
1427 520 1618 589 corpus
1658 522 1839 589 putret

929 615 1119 669 XVIII
1160 613 1280 686 (14)

298 709 409 761 Aut
449 730 531 763 me
574 712 781 781 occide,
820 714 968 766 illinc
1009 713 1054 765 si
1093 717 1319 781 usquam
1359 713 1628 781 probitz'mi
1671 714 1910 783 gradum.

229 862 260 898 ·>
959 809 1090 861 XIX
1132 806 1252 879 (15)

152 862 259 987 ΞΕ)
302 901 376 954 Te
415 904 638 971 repudio
679 907 777 956 ue'c
817 905 1038 974 recipio:
1078 906 1328 957 naturam
1369 906 1578 957 abdico:
1620 903 1643 957 1'
1679 905 1902 958 facesse!

974 1001 1075 1053 XX
1119 999 1238 1071 (10)

457 1131 465 1139 .
509 1092 568 1140 ut
610 1091 733 1158 ego,
773 1090 816 1141 si
858 1092 1140 1159 quisquam
1178 1093 1262 1142 me
1302 1090 1441 1159 tagit.

768 1177 1090 1239 “XXI
1133 1184 1252 1257 (12)

153 1274 260 1326 345
1129 1276 1233 1327 nisi
1275 1277 1490 1327 coerceo

153 1420 236 1459 pro
271 1405 584 1459 amplificant)
628 1407 833 1456 (Teuro
866 1407 1048 1458 Bamb.)
1175 1409 1305 1449 XVII
1335 1409 1451 1449 Non.
1485 1410 1588 1459 159,
1624 1410 1673 1449 17
1707 1412 1961 1460 ‘putretst

151 1464 307 1503 xv111
337 1463 450 1504 Non.
487 1464 589 1515 154,
622 1465 647 1504 3
688 1464 1047 1515 ‘prouidere’
1083 1464 1399 1516 (probitere
1433 1463 1738 1515 Steweehius)
1778 1469 1986 1506 ‘mouere
2017 1470 2062 1505 et

154 1520 308 1563 ferre.’
449 1519 555 1558 XIX
587 1519 701 1559 Non.
737 1521 838 1570 306,
873 1520 925 1561 32
959 1521 1039 1572 (ef.
1074 1521 1154 1571 XI)
1286 1523 1369 1561 XX
1402 1523 1572 1562 Festus
1605 1536 1646 1574 p.
1679 1523 1760 1562 356
1791 1521 1852 1564 M.
1886 1523 2063 1574 ‘tagit

151 1578 201 1621 P,
236 1577 282 1615 in
314 1577 513 1616 Teucro:
553 1580 603 1614 ut.
644 1579 754 1628 ego'
798 1590 835 1616 e.
872 1591 913 1630 q.
950 1591 983 1621 s.
1027 1581 1101 1617 ‘et
1139 1582 1296 1631 tagam
1336 1578 1456 1618 idem
1493 1578 1542 1617 in
1582 1578 1830 1618 Hermiona
1868 1601 1922 1606 —-
1961 1579 2059 1618 sine

152 1633 289 1673 dubio
323 1634 513 1685 antiqua
554 1633 883 1673 consuetudine
922 1635 1183 1686 usurpauit:
1226 1649 1331 1674 nam
1371 1647 1491 1674 nunc
1532 1649 1586 1675 ea
1627 1636 1724 1675 sine
1757 1635 2060 1687 praepositio-

151 1690 287 1729 nibus
320 1703 410 1729 non
441 1689 666 1739 dicuntur,
700 1694 750 1729 ut
783 1691 979 1742 contigit
1012 1691 1204 1743 attigit.⁷
1293 1691 1399 1731 XXI
1428 1692 1596 1732 Festus
1629 1705 1670 1744 p.
1703 1693 1785 1731 270
1816 1691 1874 1731 M.
1909 1692 2061 1732 ‘red‘

150 1746 398 1797 hostire,
432 1746 605 1785 referre
639 1747 836 1797 gratiam
869 1769 919 1775 —
943 1770 994 1776 —
1026 1761 1129 1787 nam
1164 1752 1210 1788 et
1239 1748 1453 1789 hostire
1486 1761 1565 1800 pro
1589 1761 1788 1800 aequare
1812 1753 2063 1800 posuerunt

294 1866 393 1912 339
423 1867 525 1925 quia
565 1866 623 1909 W
706 1865 902 1926 amplent
927 1867 985 1912 W
1009 1881 1067 1911 m.
1093 1882 1170 1924 pr.
1200 1867 1396 1926 amplam
1424 1870 1574 1912 ceteri
1681 1866 1782 1914 340
1808 1869 2062 1915 Baccheos

151 1939 379 1982 indicauit
427 1937 718 1981 Ritsclielius
765 1951 875 1982 nou.
927 1950 1123 1983 esccurs.
1175 1938 1336 1983 Plaut.
1374 1939 1404 1984 I
1440 1937 1532 1996 65,
1586 1939 1671 1982 sed
1717 1939 1835 1984 idem
1881 1942 2065 1985 senarii

152 2016 195 2053 ct
242 2009 369 2052 lianc
417 2007 627 2065 formam
678 2020 943 2067 quamquam
992 2009 1118 2052 imnis
1167 2014 1299 2068 atque
1348 2008 1522 2054 aetated
1571 2009 1657 2053 hoc
1703 2024 1740 2054 c.
1782 2024 1826 2069 p.
1867 2016 1911 2055 et
1957 2013 2063 2056 olim

152 2091 315 2137 opusc.
345 2079 403 2123 II
428 2076 526 2123 (3⁶21
567 2078 693 2122 lianc
733 2091 999 2137 quamquam
1037 2080 1163 2123 imnis
1202 2085 1337 2138 atquc
1375 2080 1520 2124 aetate
1559 2079 1646 2124 hoc
1671 2080 1774 2124 1111111
1812 2094 1850 2129 c,
1879 2097 1922 2141 p.
1948 2096 2061 2139 pro-

148 2152 325 2208 posuit.
368 2162 633 2208 quamquam
673 2147 730 2192 mi
769 2150 985 2208 annisque
1024 2156 1069 2194 et
1107 2164 1143 2194 a.
1186 2150 1229 2195 11.
1273 2165 1309 2194 c.
1350 2165 1394 2209 p.
1436 2151 1750 2196 Hermannus
1798 2165 2061 2211 quamquam

153 2221 276 2264 annis
318 2226 453 2279 atque
493 2225 637 2263 aetate
677 2233 841 2279 corpus
869 2220 955 2265 hoc
982 2221 1254 2282 p.*Maelily
1280 2222 1307 2264 l.
1336 2223 1367 2265 l.
1411 2221 1665 2266 Senarium
1684 2224 1846 2279 prima
1874 2223 2061 2282 syllaba

152 2290 210 2346 (e.
242 2305 281 2335 c.
323 2288 438 2348 nam)
474 2303 646 2334 manca
685 2293 787 2348 ipse
823 2293 930 2336 olim
966 2294 1127 2336 statui.
1273 2290 1372 2337 341
1410 2291 1533 2336 illinc
1566 2292 1601 2335 si
1644 2305 1830 2350 usquam
1872 2294 2063 2338 Vossius

152 2361 226 2405 illa
267 2362 370 2405 hinc
413 2360 449 2405 si
478 2373 534 2404 ne
561 2374 750 2419 usquam
786 2362 898 2406 libri
926 2363 1147 2421 plerique
1188 2358 1249 2422 (in
1278 2361 1314 2405 si
1342 2376 1397 2406 ne
1422 2363 1598 2407 litteris
1623 2362 1686 2406 sei
1711 2364 1866 2408 latere
1887 2362 2062 2421 potest)

154 2432 225 2476 illa
267 2431 396 2475 habui
439 2444 627 2490 usquam
654 2432 813 2476 Palat.
855 2431 931 2476 illa
959 2432 1060 2476 hinc
1087 2446 1273 2491 usquam
1298 2446 1380 2477 ms.
1407 2433 1610 2477 Doruill.
1708 2432 1930 2491 probitam
1958 2430 2060 2479 Ste-

156 2504 361 2548 ivecliius
400 2501 657 2560 prouideam
685 2503 798 2547 libri
832 2515 1106 2562 prouegeam
1148 2503 1370 2561 Gifanius
1399 2503 1642 2562 proucham
1671 2503 1866 2563 Maelily
1974 2503 2062 2549 Aut

154 2586 222 2617 mc
263 2571 437 2616 occide:
479 2571 551 2615 illa
593 2570 749 2629 habui,
790 2573 826 2616 si
865 2586 983 2617 nunc
1009 2587 1196 2632 usquam
1234 2572 1495 2633 prouideam
1535 2572 1723 2633 gradum
1752 2575 2064 2620 Hermannus

263 2642 361 2688 342
391 2655 461 2700 sq.
508 2641 816 2687 Octonarium
856 2643 1152 2688 trochaicum
1191 2658 1319 2690 nunc
1359 2647 1583 2689 constitui
1618 2658 1753 2703 quem
1793 2647 1900 2690 olim
1933 2646 2061 2691 Her-

155 2727 328 2758 manno
357 2718 554 2757 auctore
581 2715 627 2756 in
654 2713 855 2759 (luorum
881 2717 1180 2760 senariorum
1202 2715 1418 2774 frustula
1446 2716 1826 2773 cliseerpseram:
1850 2719 2063 2773 praciuit

157 2786 209 2829 L.
239 2784 445 2828 Mueller
472 2797 583 2827 sinn.
611 2784 793 2841 philoll.
826 2784 959 2830 1868
981 2799 1031 2843 p.
1059 2784 1160 2831 437
1189 2788 1514 2844 septenarium
1542 2788 1891 2831 commendans.
1932 2793 2063 2832 natu-

156 2869 247 2898 ram
274 2853 372 2898 dico
401 2853 581 2898 facessti
608 2855 717 2899 libri
732 2857 957 2914 plerique
995 2870 1038 2901 n.
1069 2855 1168 2901 dico
1196 2856 1364 2901 facesse
1390 2870 1473 2901 ms.
1504 2857 1671 2915 Fabri,
1711 2862 1754 2902 et
1782 2863 2061 2914 compuncto

157 2925 325 2969 facesse
355 2926 529 2970 Genea.
560 2938 601 2968 n.
631 2925 750 2982 (lice,
779 2941 864 2971 om.
904 2925 1091 2984 facesse,
1119 2927 1272 2972 Basil.
1313 2941 1412 2971 nam
1454 2925 1533 2971 tibi
1571 2926 1670 2971 dico
1701 2926 1870 2972 facesse
1896 2928 2060 2973 Palat.

142 3001 307 3055 11311111]
345 2993 524 3052 abdico,
565 2994 732 3040 facesse
759 2996 1014 3041 Mercerus
1039 3003 1238 3041 naturam
1267 2996 1444 3042 abdico:
1486 2996 1670 3054 facesse,
1712 2997 2062 3043 iHermannus

158 3071 324 3108 natum.
356 3066 418 3108 ito
448 3064 655 3109 facessito
683 3066 735 3110 L.
753 3067 958 3112 Mueller
984 3073 1160 3112 natum:
1189 3068 1273 3112 iam
1302 3068 1404 3112 hinc
1430 3067 1634 3112 facessite
1663 3068 1992 3113 Buechelerus

159 3133 259 3180 344
297 3141 340 3178 31
366 3134 607 3193 Berylcius
635 3137 828 3194 Eplzem.
857 3136 971 3182 Hal.
1005 3137 1137 3183 1842
1161 3153 1213 3197 p.
1243 3137 1346 3184 240
1454 3139 1688 3197 quicquam
1730 3139 1990 3184 Vaticanus
2028 3137 2065 3183 S

267 3203 646 3264 Coniunycnclum
686 3221 790 3251 cum
831 3222 874 3251 u.
907 3206 1008 3254 340
1047 3215 1206 3253 censet
1233 3208 1436 3254 Botliius
1461 3211 1530 3252 sic
1556 3210 1922 3266 interpolatum.-
1961 3207 2060 3252 talis

162 3283 305 3319 [amen
333 3289 448 3332 sum,
479 3281 524 3318 111
552 3289 637 3335 ego
666 3277 702 3319 si
732 3291 773 3335 q.
800 3291 860 3322 m.
890 3285 941 3334 t,
968 3278 1119 3322 itidem
1149 3285 1293 3338 tagam
1389 3277 1487 3324 345
1513 3291 1583 3337 sq.
1612 3277 1691 3323 Sic
1719 3283 1946 3323 truncata
1975 3290 2060 3323 ex-

161 3351 263 3390 tant
301 3347 432 3403 apud
459 3345 656 3390 Nonium
678 3361 731 3404 p.
760 3345 885 3393 490:
926 3348 1115 3392 nisicitia
1144 3349 1343 3393 fercitate
1370 3348 1606 3406 (fericitatc
1631 3348 1761 3393 Leid.
1791 3347 1979 3405 Bamb.)
2017 3354 2061 3392 31

161 3429 245 3474 que
272 3415 454 3471 ferocia,
495 3419 543 3459 in
570 3418 740 3475 quibus
764 3431 856 3462 non
883 3419 1077 3462 diuersa
1106 3434 1134 3463 a
1162 3421 1339 3464 nostris
1363 3421 1518 3464 latere
1544 3419 1775 3463 iudicauit
1797 3423 1904 3476 post
1930 3418 2059 3463 Mer-

162 3499 325 3530 cerum
352 3485 688 3545 Hermannus,
716 3489 938 3532 dissensit
964 3488 1166 3534 Botkius
1194 3489 1222 3533 2
1250 3491 1371 3534 liaec
1399 3494 1658 3546 temptans.-
1694 3488 1781 3532 nisi
1806 3489 1914 3532 citas
1942 3488 2060 3533 fero-

163 3555 313 3612 citate,
341 3559 448 3600 item
474 3557 678 3603 Rothius
716 3561 784 3603 sic
813 3559 1089 3603 emendans.-
1128 3559 1315 3604 insiticia
1342 3557 1520 3604 feritate
1547 3572 1585 3604 3.
1614 3556 1643 3602 1.
1745 3557 1845 3604 345
1872 3572 2060 3604 coerceo
