<?xml version="1.0" encoding="UTF-8"?>
<!DOCTYPE html PUBLIC "-//W3C//DTD XHTML 1.0 Transitional//EN"
    "http://www.w3.org/TR/xhtml1/DTD/xhtml1-transitional.dtd">
<html xmlns="http://www.w3.org/1999/xhtml" xml:lang="en" lang="en">
 <head>
  <title>
</title>
<meta http-equiv="Content-Type" content="text/html;charset=utf-8" />
  <meta name='ocr-system' content='tesseract 3.04.00' />
  <meta name='ocr-capabilities' content='ocr_page ocr_carea ocr_par ocr_line ocrx_word'/>
</head>
<body>
  <div class='ocr_page' id='page_1' title='image "./scaenicaeromano01ribbuoft_0191.png"; bbox 0 0 2294 3844; ppageno 0'>
   <div class='ocr_carea' id='block_1_1' title="bbox 941 247 2082 296">
    <p class='ocr_par' dir='ltr' id='par_1_1' title="bbox 941 247 2082 296">
     <span class='ocr_line' id='line_1_1' title="bbox 941 247 2082 296; baseline 0.008 -9"><span class='ocrx_word' id='word_1_1' title='bbox 941 248 998 287; x_wconf 87' lang='lat' dir='ltr'><strong>M.</strong></span> <span class='ocrx_word' id='word_1_2' title='bbox 1036 247 1333 290; x_wconf 79' lang='lat' dir='ltr'><strong>PAcvvlvs</strong></span> <span class='ocrx_word' id='word_1_3' title='bbox 2016 248 2082 296; x_wconf 68' lang='lat'><strong>93</strong></span> 
     </span>
    </p>
   </div>
   <div class='ocr_carea' id='block_1_2' title="bbox 186 376 2086 1232">
    <p class='ocr_par' dir='ltr' id='par_1_2' title="bbox 186 376 2086 1232">
     <span class='ocr_line' id='line_1_2' title="bbox 990 376 1281 447; baseline 0 -18"><span class='ocrx_word' id='word_1_4' title='bbox 990 377 1119 429; x_wconf 84' lang='lat' dir='ltr'><strong>XIV</strong></span> <span class='ocrx_word' id='word_1_5' title='bbox 1161 376 1281 447; x_wconf 82' lang='lat'>(15)</span> 
     </span>
     <span class='ocr_line' id='line_1_3' title="bbox 381 472 2086 540; baseline -0.001 -15"><span class='ocrx_word' id='word_1_6' title='bbox 381 517 390 525; x_wconf 94' lang='lat'><strong>.</strong></span> <span class='ocrx_word' id='word_1_7' title='bbox 434 475 521 525; x_wconf 82' lang='lat' dir='ltr'><strong>ubi</strong></span> <span class='ocrx_word' id='word_1_8' title='bbox 563 475 668 525; x_wconf 82' lang='lat' dir='ltr'><strong>illic</strong></span> <span class='ocrx_word' id='word_1_9' title='bbox 706 476 822 525; x_wconf 60' lang='lat' dir='ltr'><strong>est?</strong></span> <span class='ocrx_word' id='word_1_10' title='bbox 865 494 945 524; x_wconf 73' lang='lat' dir='ltr'><strong>nie</strong></span> <span class='ocrx_word' id='word_1_11' title='bbox 988 475 1257 525; x_wconf 80' lang='lat' dir='ltr'><strong>miseram!</strong></span> <span class='ocrx_word' id='word_1_12' title='bbox 1300 475 1533 540; x_wconf 72' lang='lat' dir='ltr'><strong>quonam</strong></span> <span class='ocrx_word' id='word_1_13' title='bbox 1560 473 1693 523; x_wconf 74' lang='lat' dir='ltr'><strong>clani</strong></span> <span class='ocrx_word' id='word_1_14' title='bbox 1723 494 1775 521; x_wconf 67' lang='lat' dir='ltr'><strong>s«-</strong></span> <span class='ocrx_word' id='word_1_15' title='bbox 1803 472 2086 524; x_wconf 67' lang='lat' dir='ltr'><strong>eliminat?</strong></span> 
     </span>
     <span class='ocr_line' id='line_1_4' title="bbox 1006 568 1264 639; baseline 0 -18"><span class='ocrx_word' id='word_1_16' title='bbox 1006 570 1107 622; x_wconf 83' lang='lat' dir='ltr'>XV</span> <span class='ocrx_word' id='word_1_17' title='bbox 1143 568 1264 639; x_wconf 75' lang='lat'>(20)</span> 
     </span>
     <span class='ocr_line' id='line_1_5' title="bbox 186 666 1677 719; baseline -0.004 0"><span class='ocrx_word' id='word_1_18' title='bbox 186 668 288 719; x_wconf 77' lang='lat'><strong>135</strong></span> <span class='ocrx_word' id='word_1_19' title='bbox 329 667 428 719; x_wconf 85' lang='lat' dir='ltr'><strong>Vel</strong></span> <span class='ocrx_word' id='word_1_20' title='bbox 470 672 589 718; x_wconf 72' lang='lat' dir='ltr'><strong>eum</strong></span> <span class='ocrx_word' id='word_1_21' title='bbox 631 668 778 718; x_wconf 81' lang='lat' dir='ltr'><strong>illuni</strong></span> <span class='ocrx_word' id='word_1_22' title='bbox 823 667 1002 718; x_wconf 73' lang='lat' dir='ltr'><strong>uide-as</strong></span> <span class='ocrx_word' id='word_1_23' title='bbox 1045 667 1329 717; x_wconf 70' lang='lat' dir='ltr'><strong>sollicitum</strong></span> <span class='ocrx_word' id='word_1_24' title='bbox 1373 666 1677 717; x_wconf 64' lang='lat' dir='ltr'><strong>orbitutline</strong></span> 
     </span>
     <span class='ocr_line' id='line_1_6' title="bbox 1008 768 1263 839; baseline 0 -18"><span class='ocrx_word' id='word_1_25' title='bbox 1008 770 1139 822; x_wconf 84' lang='lat' dir='ltr'><strong>XVI</strong></span> <span class='ocrx_word' id='word_1_26' title='bbox 1181 768 1263 839; x_wconf 76' lang='lat'><strong>(2)</strong></span> 
     </span>
     <span class='ocr_line' id='line_1_7' title="bbox 328 866 1814 935; baseline -0.002 -16"><span class='ocrx_word' id='word_1_27' title='bbox 328 868 486 919; x_wconf 68' lang='lat' dir='ltr'><strong>Paiter</strong></span> <span class='ocrx_word' id='word_1_28' title='bbox 527 868 763 919; x_wconf 65' lang='lat' dir='ltr'><strong>Achiuos·</strong></span> <span class='ocrx_word' id='word_1_29' title='bbox 807 866 862 918; x_wconf 72' lang='lat'><strong>1&#39;11</strong></span> <span class='ocrx_word' id='word_1_30' title='bbox 902 868 1123 935; x_wconf 64' lang='lat' dir='ltr'><strong>(Jalffirei</strong></span> <span class='ocrx_word' id='word_1_31' title='bbox 1167 868 1305 918; x_wconf 65' lang='lat' dir='ltr'><strong>szixis</strong></span> <span class='ocrx_word' id='word_1_32' title='bbox 1350 868 1525 934; x_wconf 66' lang='lat' dir='ltr'><strong>pleros</strong></span> <span class='ocrx_word' id='word_1_33' title='bbox 1570 867 1814 934; x_wconf 66' lang='lat' dir='ltr'><strong>perdidit.</strong></span> 
     </span>
     <span class='ocr_line' id='line_1_8' title="bbox 972 970 1294 1040; baseline 0 -18"><span class='ocrx_word' id='word_1_34' title='bbox 972 970 1133 1023; x_wconf 88' lang='lat' dir='ltr'>XVII</span> <span class='ocrx_word' id='word_1_35' title='bbox 1174 970 1294 1040; x_wconf 80' lang='lat'><strong>(31)</strong></span> 
     </span>
     <span class='ocr_line' id='line_1_9' title="bbox 1054 1065 1888 1137; baseline -0.001 -18"><span class='ocrx_word' id='word_1_36' title='bbox 1054 1065 1195 1137; x_wconf 83' lang='lat' dir='ltr'><strong>[nisi]</strong></span> <span class='ocrx_word' id='word_1_37' title='bbox 1239 1086 1322 1118; x_wconf 87' lang='lat' dir='ltr'><strong>me</strong></span> <span class='ocrx_word' id='word_1_38' title='bbox 1363 1067 1590 1117; x_wconf 67' lang='lat' dir='ltr'><strong>cziluitur</strong></span> <span class='ocrx_word' id='word_1_39' title='bbox 1632 1065 1888 1134; x_wconf 72' lang='lat' dir='ltr'><strong>suspicio,</strong></span> 
     </span>
     <span class='ocr_line' id='line_1_10' title="bbox 326 1162 1915 1232; baseline -0.001 -16"><span class='ocrx_word' id='word_1_40' title='bbox 326 1164 443 1216; x_wconf 74' lang='lat' dir='ltr'><strong>Hoc</strong></span> <span class='ocrx_word' id='word_1_41' title='bbox 485 1170 562 1216; x_wconf 72' lang='lat' dir='ltr'><strong>est</strong></span> <span class='ocrx_word' id='word_1_42' title='bbox 605 1165 734 1216; x_wconf 85' lang='lat' dir='ltr'><strong>illud</strong></span> <span class='ocrx_word' id='word_1_43' title='bbox 777 1165 918 1232; x_wconf 56' lang='lat' dir='ltr'><strong>quiid</strong></span> <span class='ocrx_word' id='word_1_44' title='bbox 958 1165 1072 1215; x_wconf 81' lang='lat' dir='ltr'><strong>fore</strong></span> <span class='ocrx_word' id='word_1_45' title='bbox 1115 1165 1319 1216; x_wconf 76' lang='lat' dir='ltr'>occulte</span> <span class='ocrx_word' id='word_1_46' title='bbox 1361 1162 1504 1214; x_wconf 79' lang='lat' dir='ltr'><strong>Oe&#39;ax</strong></span> <span class='ocrx_word' id='word_1_47' title='bbox 1547 1162 1814 1231; x_wconf 76' lang='lat' dir='ltr'><strong>praedixit</strong></span> <span class='ocrx_word' id='word_1_48' title='bbox 1856 1206 1864 1214; x_wconf 90' lang='lat'><strong>.</strong></span> <span class='ocrx_word' id='word_1_49' title='bbox 1909 1207 1915 1214; x_wconf 92' lang='lat'><strong>.</strong></span> 
     </span>
    </p>
   </div>
   <div class='ocr_carea' id='block_1_3' title="bbox 325 1274 2091 1441">
    <p class='ocr_par' dir='ltr' id='par_1_3' title="bbox 325 1274 2091 1441">
     <span class='ocr_line' id='line_1_11' title="bbox 954 1274 1307 1345; baseline -0.006 -17"><span class='ocrx_word' id='word_1_50' title='bbox 954 1274 1143 1328; x_wconf 83' lang='lat' dir='ltr'>XVIII</span> <span class='ocrx_word' id='word_1_51' title='bbox 1187 1274 1307 1345; x_wconf 76' lang='lat'>(29)</span> 
     </span>
     <span class='ocr_line' id='line_1_12' title="bbox 325 1372 2091 1441; baseline -0.002 -15"><span class='ocrx_word' id='word_1_52' title='bbox 325 1373 565 1426; x_wconf 78' lang='lat' dir='ltr'><strong>&#39;Vtinam</strong></span> <span class='ocrx_word' id='word_1_53' title='bbox 591 1392 732 1425; x_wconf 85' lang='lat' dir='ltr'><strong>nunc</strong></span> <span class='ocrx_word' id='word_1_54' title='bbox 767 1375 1084 1424; x_wconf 72' lang='lat' dir='ltr'><strong>matrescam</strong></span> <span class='ocrx_word' id='word_1_55' title='bbox 1109 1373 1351 1441; x_wconf 77' lang='lat' dir='ltr'><strong>ingenio,</strong></span> <span class='ocrx_word' id='word_1_56' title='bbox 1384 1376 1443 1423; x_wconf 81' lang='lat' dir='ltr'><strong>ut</strong></span> <span class='ocrx_word' id='word_1_57' title='bbox 1469 1376 1644 1423; x_wconf 71' lang='lat' dir='ltr'><strong>metim</strong></span> <span class='ocrx_word' id='word_1_58' title='bbox 1670 1377 1877 1440; x_wconf 77' lang='lat' dir='ltr'><strong>patrem</strong></span> <span class='ocrx_word' id='word_1_59' title='bbox 1905 1372 2091 1423; x_wconf 73' lang='lat' dir='ltr'><strong>ulcisci</strong></span> 
     </span>
    </p>
   </div>
   <div class='ocr_carea' id='block_1_4' title="bbox 1357 1471 1569 1536">
    <p class='ocr_par' dir='ltr' id='par_1_4' title="bbox 1357 1471 1569 1536">
     <span class='ocr_line' id='line_1_13' title="bbox 1357 1471 1569 1536; baseline -0.005 -17"><span class='ocrx_word' id='word_1_60' title='bbox 1357 1471 1569 1536; x_wconf 79' lang='lat' dir='ltr'><strong>queam!</strong></span> 
     </span>
    </p>
   </div>
   <div class='ocr_carea' id='block_1_5' title="bbox 177 1631 2087 1913">
    <p class='ocr_par' dir='ltr' id='par_1_5' title="bbox 186 1631 2087 1737">
     <span class='ocr_line' id='line_1_14' title="bbox 290 1631 2087 1684; baseline -0.001 -12"><span class='ocrx_word' id='word_1_61' title='bbox 290 1632 395 1672; x_wconf 85' lang='lat' dir='ltr'>XIV</span> <span class='ocrx_word' id='word_1_62' title='bbox 424 1633 538 1673; x_wconf 90' lang='lat' dir='ltr'><strong>Non.</strong></span> <span class='ocrx_word' id='word_1_63' title='bbox 571 1635 647 1684; x_wconf 90' lang='lat'><strong>38,</strong></span> <span class='ocrx_word' id='word_1_64' title='bbox 681 1635 731 1674; x_wconf 92' lang='grc'><strong>31</strong></span> <span class='ocrx_word' id='word_1_65' title='bbox 767 1633 1118 1679; x_wconf 81' lang='lat' dir='ltr'><strong>‘eliminare‚</strong></span> <span class='ocrx_word' id='word_1_66' title='bbox 1152 1637 1283 1672; x_wconf 80' lang='lat' dir='ltr'><strong>extra</strong></span> <span class='ocrx_word' id='word_1_67' title='bbox 1315 1631 1453 1671; x_wconf 87' lang='lat' dir='ltr'><strong>limen</strong></span> <span class='ocrx_word' id='word_1_68' title='bbox 1487 1632 1651 1671; x_wconf 88' lang='lat' dir='ltr'><strong>eicere.</strong></span> <span class='ocrx_word' id='word_1_69' title='bbox 1700 1631 1749 1670; x_wconf 91' lang='lat' dir='ltr'><strong>P.</strong></span> <span class='ocrx_word' id='word_1_70' title='bbox 1783 1631 2087 1671; x_wconf 80' lang='lat' dir='ltr'><strong>Dolorcste</strong></span> 
     </span>
     <span class='ocr_line' id='line_1_15' title="bbox 186 1687 2085 1737; baseline -0.002 -7"><span class='ocrx_word' id='word_1_71' title='bbox 186 1721 195 1730; x_wconf 90' lang='lat'><strong>.</strong></span> <span class='ocrx_word' id='word_1_72' title='bbox 221 1721 228 1730; x_wconf 97' lang='lat'><strong>.</strong></span> <span class='ocrx_word' id='word_1_73' title='bbox 258 1693 291 1728; x_wconf 90' lang='lat'><strong>.’</strong></span> <span class='ocrx_word' id='word_1_74' title='bbox 336 1689 461 1729; x_wconf 86' lang='lat' dir='ltr'>Idem</span> <span class='ocrx_word' id='word_1_75' title='bbox 494 1691 596 1737; x_wconf 86' lang='grc'><strong>292,</strong></span> <span class='ocrx_word' id='word_1_76' title='bbox 631 1692 683 1730; x_wconf 85' lang='grc'><strong>25</strong></span> <span class='ocrx_word' id='word_1_77' title='bbox 717 1690 1040 1730; x_wconf 79' lang='lat' dir='ltr'><strong>‘eliminare</strong></span> <span class='ocrx_word' id='word_1_78' title='bbox 1081 1701 1257 1729; x_wconf 87' lang='lat' dir='ltr'><strong>rursum</strong></span> <span class='ocrx_word' id='word_1_79' title='bbox 1289 1688 1548 1728; x_wconf 84' lang='lat' dir='ltr'><strong>excludere.</strong></span> <span class='ocrx_word' id='word_1_80' title='bbox 1608 1687 1659 1728; x_wconf 92' lang='lat' dir='ltr'><strong>P.</strong></span> <span class='ocrx_word' id='word_1_81' title='bbox 1694 1687 1939 1728; x_wconf 83' lang='lat' dir='ltr'><strong>Duloreste</strong></span> <span class='ocrx_word' id='word_1_82' title='bbox 1980 1720 1986 1726; x_wconf 94' lang='lat'><strong>.</strong></span> <span class='ocrx_word' id='word_1_83' title='bbox 2014 1718 2022 1727; x_wconf 96' lang='lat'><strong>.</strong></span> <span class='ocrx_word' id='word_1_84' title='bbox 2051 1692 2085 1726; x_wconf 92' lang='lat'><strong>.’</strong></span> 
     </span>
    </p>

    <p class='ocr_par' dir='ltr' id='par_1_6' title="bbox 290 1744 2087 1798">
     <span class='ocr_line' id='line_1_16' title="bbox 290 1744 2087 1798; baseline 0.001 -14"><span class='ocrx_word' id='word_1_85' title='bbox 290 1745 373 1785; x_wconf 89' lang='lat' dir='ltr'><strong>XV</strong></span> <span class='ocrx_word' id='word_1_86' title='bbox 403 1745 523 1786; x_wconf 90' lang='lat' dir='ltr'><strong>Non.</strong></span> <span class='ocrx_word' id='word_1_87' title='bbox 558 1748 658 1796; x_wconf 87' lang='lat'><strong>146,</strong></span> <span class='ocrx_word' id='word_1_88' title='bbox 697 1749 746 1787; x_wconf 86' lang='lat'><strong>19</strong></span> <span class='ocrx_word' id='word_1_89' title='bbox 779 1747 1164 1787; x_wconf 73' lang='lat' dir='ltr'><strong>‘orbitudinis-</strong></span> <span class='ocrx_word' id='word_1_90' title='bbox 1190 1758 1270 1798; x_wconf 90' lang='lat' dir='ltr'><strong>pro</strong></span> <span class='ocrx_word' id='word_1_91' title='bbox 1305 1745 1502 1785; x_wconf 86' lang='lat' dir='ltr'><strong>orbitate</strong></span> <span class='ocrx_word' id='word_1_92' title='bbox 1533 1776 1541 1784; x_wconf 91' lang='lat'><strong>.</strong></span> <span class='ocrx_word' id='word_1_93' title='bbox 1563 1776 1598 1784; x_wconf 90' lang='lat'><strong>..</strong></span> <span class='ocrx_word' id='word_1_94' title='bbox 1638 1744 1688 1787; x_wconf 92' lang='lat' dir='ltr'><strong>P.</strong></span> <span class='ocrx_word' id='word_1_95' title='bbox 1721 1744 1962 1784; x_wconf 83' lang='lat' dir='ltr'><strong>Duloreste</strong></span> <span class='ocrx_word' id='word_1_96' title='bbox 1994 1776 2003 1784; x_wconf 90' lang='lat'><strong>.</strong></span> <span class='ocrx_word' id='word_1_97' title='bbox 2023 1748 2087 1785; x_wconf 86' lang='lat'><strong>..&#39;</strong></span> 
     </span>
    </p>

    <p class='ocr_par' dir='ltr' id='par_1_7' title="bbox 177 1801 2087 1913">
     <span class='ocr_line' id='line_1_17' title="bbox 291 1801 1975 1856; baseline 0 -15"><span class='ocrx_word' id='word_1_98' title='bbox 291 1802 398 1842; x_wconf 90' lang='lat' dir='ltr'>XVI</span> <span class='ocrx_word' id='word_1_99' title='bbox 430 1802 694 1843; x_wconf 85' lang='lat' dir='ltr'><strong>Priscianus</strong></span> <span class='ocrx_word' id='word_1_100' title='bbox 726 1803 765 1842; x_wconf 94' lang='lat' dir='ltr'>V</span> <span class='ocrx_word' id='word_1_101' title='bbox 798 1817 838 1856; x_wconf 92' lang='lat' dir='ltr'><strong>p.</strong></span> <span class='ocrx_word' id='word_1_102' title='bbox 873 1805 955 1844; x_wconf 89' lang='lat'><strong>668</strong></span> <span class='ocrx_word' id='word_1_103' title='bbox 987 1803 1038 1842; x_wconf 91' lang='lat' dir='ltr'><strong>P.</strong></span> <span class='ocrx_word' id='word_1_104' title='bbox 1073 1802 1402 1842; x_wconf 77' lang='lat' dir='ltr'><strong>‘uetustissimi</strong></span> <span class='ocrx_word' id='word_1_105' title='bbox 1434 1806 1585 1841; x_wconf 82' lang='lat' dir='ltr'><strong>tamen</strong></span> <span class='ocrx_word' id='word_1_106' title='bbox 1619 1806 1663 1841; x_wconf 89' lang='lat' dir='ltr'><strong>et</strong></span> <span class='ocrx_word' id='word_1_107' title='bbox 1695 1801 1839 1840; x_wconf 79' lang='lat' dir='ltr'><strong>altera</strong></span> <span class='ocrx_word' id='word_1_108' title='bbox 1870 1806 1975 1841; x_wconf 81' lang='lat' dir='ltr'><strong>utra</strong></span> 
     </span>
     <span class='ocr_line' id='line_1_18' title="bbox 177 1857 2087 1913; baseline -0.001 -13"><span class='ocrx_word' id='word_1_109' title='bbox 177 1859 389 1900; x_wconf 82' lang='lat' dir='ltr'><strong>solebant</strong></span> <span class='ocrx_word' id='word_1_110' title='bbox 419 1859 638 1910; x_wconf 89' lang='lat' dir='ltr'><strong>proferre,</strong></span> <span class='ocrx_word' id='word_1_111' title='bbox 673 1865 719 1899; x_wconf 93' lang='lat' dir='ltr'><strong>et</strong></span> <span class='ocrx_word' id='word_1_112' title='bbox 749 1861 926 1912; x_wconf 86' lang='lat' dir='ltr'><strong>plerus</strong></span> <span class='ocrx_word' id='word_1_113' title='bbox 959 1859 1086 1913; x_wconf 85' lang='lat' dir='ltr'><strong>plera</strong></span> <span class='ocrx_word' id='word_1_114' title='bbox 1119 1859 1294 1912; x_wconf 86' lang='lat' dir='ltr'><strong>plerum</strong></span> <span class='ocrx_word' id='word_1_115' title='bbox 1325 1858 1498 1910; x_wconf 81' lang='lat' dir='ltr'><strong>absque</strong></span> <span class='ocrx_word' id='word_1_116' title='bbox 1532 1871 1634 1910; x_wconf 88' lang='lat' dir='ltr'><strong>que</strong></span> <span class='ocrx_word' id='word_1_117' title='bbox 1669 1857 1904 1898; x_wconf 83' lang='lat' dir='ltr'><strong>additione</strong></span> <span class='ocrx_word' id='word_1_118' title='bbox 2033 1858 2087 1898; x_wconf 93' lang='lat' dir='ltr'><strong>P.</strong></span> 
     </span>
    </p>
   </div>
   <div class='ocr_carea' id='block_1_6' title="bbox 179 1914 2089 1996">
    <p class='ocr_par' dir='ltr' id='par_1_8' title="bbox 179 1914 2089 1996">
     <span class='ocr_line' id='line_1_19' title="bbox 179 1914 2089 1996; baseline 0.001 -14"><span class='ocrx_word' id='word_1_119' title='bbox 179 1944 226 1983; x_wconf 91' lang='lat' dir='ltr'><strong>in</strong></span> <span class='ocrx_word' id='word_1_120' title='bbox 257 1942 502 1984; x_wconf 86' lang='lat' dir='ltr'><strong>Duloreste</strong></span> <span class='ocrx_word' id='word_1_121' title='bbox 534 1975 543 1982; x_wconf 90' lang='lat'><strong>.</strong></span> <span class='ocrx_word' id='word_1_122' title='bbox 569 1976 578 1985; x_wconf 95' lang='lat'><strong>.</strong></span> <span class='ocrx_word' id='word_1_123' title='bbox 604 1948 639 1985; x_wconf 88' lang='lat'><strong>.’</strong></span> <span class='ocrx_word' id='word_1_124' title='bbox 681 1941 994 1996; x_wconf 85' lang='lat' dir='ltr'><strong>(Pacubius</strong></span> <span class='ocrx_word' id='word_1_125' title='bbox 1033 1944 1194 1984; x_wconf 82' lang='lat' dir='ltr'><strong>Bamb.</strong></span> <span class='ocrx_word' id='word_1_126' title='bbox 1226 1943 1359 1987; x_wconf 81' lang='lat' dir='ltr'><strong>Bern.</strong></span> <span class='ocrx_word' id='word_1_127' title='bbox 1400 1927 1537 1983; x_wconf 79' lang='lat' dir='ltr'><strong>Halb.</strong></span> <span class='ocrx_word' id='word_1_128' title='bbox 1581 1942 1749 1984; x_wconf 84' lang='lat' dir='ltr'><strong>Carlsr.</strong></span> <span class='ocrx_word' id='word_1_129' title='bbox 1803 1914 2089 1983; x_wconf 71' lang='lat' dir='ltr'><strong>Paeuliius</strong></span> 
     </span>
    </p>
   </div>
   <div class='ocr_carea' id='block_1_7' title="bbox 177 2006 2087 2308">
    <p class='ocr_par' dir='ltr' id='par_1_9' title="bbox 177 2006 2087 2308">
     <span class='ocr_line' id='line_1_20' title="bbox 177 2006 2084 2082; baseline 0.001 -14"><span class='ocrx_word' id='word_1_130' title='bbox 177 2027 289 2080; x_wconf 85' lang='lat' dir='ltr'><strong>Reg.</strong></span> <span class='ocrx_word' id='word_1_131' title='bbox 383 2006 689 2069; x_wconf 63' lang='lat' dir='ltr'><strong>Dssloreste</strong></span> <span class='ocrx_word' id='word_1_132' title='bbox 716 2029 827 2082; x_wconf 83' lang='lat' dir='ltr'><strong>Reg.</strong></span> <span class='ocrx_word' id='word_1_133' title='bbox 852 2029 1093 2069; x_wconf 91' lang='lat' dir='ltr'><strong>Dolores</strong></span> <span class='ocrx_word' id='word_1_134' title='bbox 1125 2033 1177 2068; x_wconf 85' lang='lat' dir='ltr'><strong>te</strong></span> <span class='ocrx_word' id='word_1_135' title='bbox 1201 2028 1337 2080; x_wconf 83' lang='lat' dir='ltr'><strong>Sang.</strong></span> <span class='ocrx_word' id='word_1_136' title='bbox 1365 2027 1534 2068; x_wconf 80' lang='lat' dir='ltr'><strong>Carlsr.</strong></span> <span class='ocrx_word' id='word_1_137' title='bbox 1574 2028 1880 2067; x_wconf 87' lang='lat' dir='ltr'><strong>Doloseste</strong></span> <span class='ocrx_word' id='word_1_138' title='bbox 1904 2027 2084 2079; x_wconf 81' lang='lat' dir='ltr'><strong>Fragm.</strong></span> 
     </span>
     <span class='ocr_line' id='line_1_21' title="bbox 177 2084 2087 2136; baseline -0.001 -13"><span class='ocrx_word' id='word_1_139' title='bbox 177 2084 470 2134; x_wconf 87' lang='lat' dir='ltr'><strong>Amienense)</strong></span> <span class='ocrx_word' id='word_1_140' title='bbox 587 2085 717 2126; x_wconf 90' lang='lat' dir='ltr'>XVII</span> <span class='ocrx_word' id='word_1_141' title='bbox 747 2085 862 2125; x_wconf 87' lang='lat' dir='ltr'><strong>Non.</strong></span> <span class='ocrx_word' id='word_1_142' title='bbox 895 2087 935 2136; x_wconf 86' lang='lat'><strong>7,</strong></span> <span class='ocrx_word' id='word_1_143' title='bbox 960 2088 984 2125; x_wconf 90' lang='lat'>3</span> <span class='ocrx_word' id='word_1_144' title='bbox 1018 2084 1294 2124; x_wconf 82' lang='lat' dir='ltr'><strong>‘caluitur</strong></span> <span class='ocrx_word' id='word_1_145' title='bbox 1324 2084 1494 2124; x_wconf 87' lang='lat' dir='ltr'><strong>dictum</strong></span> <span class='ocrx_word' id='word_1_146' title='bbox 1526 2089 1596 2124; x_wconf 89' lang='lat' dir='ltr'><strong>est</strong></span> <span class='ocrx_word' id='word_1_147' title='bbox 1628 2084 1875 2125; x_wconf 82' lang='lat' dir='ltr'><strong>frustratur</strong></span> <span class='ocrx_word' id='word_1_148' title='bbox 1990 2115 2000 2124; x_wconf 88' lang='lat'><strong>.</strong></span> <span class='ocrx_word' id='word_1_149' title='bbox 2038 2084 2087 2123; x_wconf 92' lang='lat' dir='ltr'><strong>P.</strong></span> 
     </span>
     <span class='ocr_line' id='line_1_22' title="bbox 177 2140 2086 2192; baseline -0.001 -12"><span class='ocrx_word' id='word_1_150' title='bbox 177 2140 483 2181; x_wconf 88' lang='lat' dir='ltr'><strong>Doloreste</strong></span> <span class='ocrx_word' id='word_1_151' title='bbox 520 2172 529 2180; x_wconf 89' lang='lat'><strong>.</strong></span> <span class='ocrx_word' id='word_1_152' title='bbox 556 2172 564 2179; x_wconf 94' lang='lat'><strong>.</strong></span> <span class='ocrx_word' id='word_1_153' title='bbox 591 2145 627 2182; x_wconf 91' lang='lat'><strong>.&#39;</strong></span> <span class='ocrx_word' id='word_1_154' title='bbox 773 2141 926 2182; x_wconf 87' lang='lat' dir='ltr'>XVIII</span> <span class='ocrx_word' id='word_1_155' title='bbox 956 2140 1073 2181; x_wconf 85' lang='lat' dir='ltr'><strong>Non.</strong></span> <span class='ocrx_word' id='word_1_156' title='bbox 1108 2143 1202 2189; x_wconf 85' lang='lat'>137,</span> <span class='ocrx_word' id='word_1_157' title='bbox 1236 2143 1259 2181; x_wconf 83' lang='lat'><strong>7</strong></span> <span class='ocrx_word' id='word_1_158' title='bbox 1300 2145 1684 2192; x_wconf 79' lang='lat' dir='ltr'><strong>‘matrescam,</strong></span> <span class='ocrx_word' id='word_1_159' title='bbox 1723 2141 1884 2179; x_wconf 76' lang='lat' dir='ltr'><strong>matris</strong></span> <span class='ocrx_word' id='word_1_160' title='bbox 1924 2140 2086 2179; x_wconf 86' lang='lat' dir='ltr'><strong>similis</strong></span> 
     </span>
     <span class='ocr_line' id='line_1_23' title="bbox 177 2195 2087 2250; baseline 0 -14"><span class='ocrx_word' id='word_1_161' title='bbox 177 2195 293 2236; x_wconf 87' lang='lat' dir='ltr'><strong>fiam.</strong></span> <span class='ocrx_word' id='word_1_162' title='bbox 355 2197 404 2236; x_wconf 91' lang='lat' dir='ltr'><strong>P.</strong></span> <span class='ocrx_word' id='word_1_163' title='bbox 446 2197 691 2238; x_wconf 87' lang='lat' dir='ltr'><strong>Duloreste</strong></span> <span class='ocrx_word' id='word_1_164' title='bbox 724 2201 831 2237; x_wconf 80' lang='lat'><strong>...⁹</strong></span> <span class='ocrx_word' id='word_1_165' title='bbox 883 2198 987 2238; x_wconf 86' lang='lat' dir='ltr'><strong>Huc</strong></span> <span class='ocrx_word' id='word_1_166' title='bbox 1026 2198 1228 2238; x_wconf 82' lang='lat' dir='ltr'><strong>fortasse</strong></span> <span class='ocrx_word' id='word_1_167' title='bbox 1275 2198 1474 2250; x_wconf 84' lang='lat' dir='ltr'><strong>pertinet</strong></span> <span class='ocrx_word' id='word_1_168' title='bbox 1513 2197 1667 2249; x_wconf 82' lang='lat' dir='ltr'><strong>glossa</strong></span> <span class='ocrx_word' id='word_1_169' title='bbox 1709 2197 1753 2236; x_wconf 89' lang='lat' dir='ltr'><strong>in</strong></span> <span class='ocrx_word' id='word_1_170' title='bbox 1793 2197 2087 2237; x_wconf 83' lang='lat' dir='ltr'><strong>Onomastico</strong></span> 
     </span>
     <span class='ocr_line' id='line_1_24' title="bbox 183 2246 1164 2308; baseline 0 -15"><span class='ocrx_word' id='word_1_171' title='bbox 183 2253 416 2294; x_wconf 81' lang='lat' dir='ltr'><strong>Labbaei:</strong></span> <span class='ocrx_word' id='word_1_172' title='bbox 458 2258 859 2307; x_wconf 81' lang='lat' dir='ltr'><strong>‘matrescere,</strong></span> <span class='ocrx_word' id='word_1_173' title='bbox 892 2246 1164 2308; x_wconf 80' lang='grc' dir='ltr'><em>μητροῖζειν.</em></span> 
     </span>
    </p>
   </div>
   <div class='ocr_carea' id='block_1_8' title="bbox 177 2419 2090 2767">
    <p class='ocr_par' dir='ltr' id='par_1_10' title="bbox 177 2419 2090 2767">
     <span class='ocr_line' id='line_1_25' title="bbox 322 2419 2086 2486; baseline -0.001 -16"><span class='ocrx_word' id='word_1_174' title='bbox 322 2425 419 2472; x_wconf 81' lang='lat'><strong>134</strong></span> <span class='ocrx_word' id='word_1_175' title='bbox 458 2426 533 2470; x_wconf 90' lang='lat' dir='ltr'><strong>ille</strong></span> <span class='ocrx_word' id='word_1_176' title='bbox 569 2427 683 2471; x_wconf 81' lang='lat' dir='ltr'><strong>libri</strong></span> <span class='ocrx_word' id='word_1_177' title='bbox 713 2441 764 2484; x_wconf 81' lang='lat' dir='ltr'><strong>p.</strong></span> <span class='ocrx_word' id='word_1_178' title='bbox 805 2425 905 2472; x_wconf 86' lang='grc'><strong>292</strong></span> <span class='ocrx_word' id='word_1_179' title='bbox 1033 2426 1242 2485; x_wconf 85' lang='lat' dir='ltr'><strong>quoniam</strong></span> <span class='ocrx_word' id='word_1_180' title='bbox 1281 2426 1393 2470; x_wconf 89' lang='lat' dir='ltr'><strong>libri</strong></span> <span class='ocrx_word' id='word_1_181' title='bbox 1426 2440 1472 2483; x_wconf 82' lang='lat' dir='ltr'><strong>p.</strong></span> <span class='ocrx_word' id='word_1_182' title='bbox 1514 2423 1613 2470; x_wconf 87' lang='grc'><strong>292</strong></span> <span class='ocrx_word' id='word_1_183' title='bbox 1737 2424 1847 2469; x_wconf 79' lang='lat' dir='ltr'><strong>clau]</strong></span> <span class='ocrx_word' id='word_1_184' title='bbox 1887 2419 1958 2486; x_wconf 84' lang='lat' dir='ltr'><strong>sc]</strong></span> <span class='ocrx_word' id='word_1_185' title='bbox 2001 2425 2086 2469; x_wconf 76' lang='lat' dir='ltr'><strong>cla-</strong></span> 
     </span>
     <span class='ocr_line' id='line_1_26' title="bbox 177 2495 2085 2554; baseline -0.002 -13"><span class='ocrx_word' id='word_1_186' title='bbox 177 2510 275 2541; x_wconf 86' lang='lat' dir='ltr'><strong>mor</strong></span> <span class='ocrx_word' id='word_1_187' title='bbox 309 2498 425 2542; x_wconf 80' lang='lat' dir='ltr'><strong>libri</strong></span> <span class='ocrx_word' id='word_1_188' title='bbox 456 2511 506 2554; x_wconf 85' lang='lat' dir='ltr'><strong>p.</strong></span> <span class='ocrx_word' id='word_1_189' title='bbox 549 2495 649 2542; x_wconf 81' lang='grc'><strong>292</strong></span> <span class='ocrx_word' id='word_1_190' title='bbox 688 2497 801 2541; x_wconf 86' lang='lat' dir='ltr'><strong>clam</strong></span> <span class='ocrx_word' id='word_1_191' title='bbox 839 2497 950 2541; x_wconf 84' lang='lat' dir='ltr'><strong>clam</strong></span> <span class='ocrx_word' id='word_1_192' title='bbox 988 2498 1100 2541; x_wconf 84' lang='lat' dir='ltr'><strong>libri</strong></span> <span class='ocrx_word' id='word_1_193' title='bbox 1128 2511 1183 2554; x_wconf 80' lang='lat' dir='ltr'><strong>p.</strong></span> <span class='ocrx_word' id='word_1_194' title='bbox 1224 2495 1288 2542; x_wconf 92' lang='lat'><strong>38</strong></span> <span class='ocrx_word' id='word_1_195' title='bbox 1339 2509 1469 2554; x_wconf 82' lang='lat' dir='ltr'><strong>quam</strong></span> <span class='ocrx_word' id='word_1_196' title='bbox 1509 2495 1690 2540; x_wconf 81' lang='lat' dir='ltr'><strong>clamos·</strong></span> <span class='ocrx_word' id='word_1_197' title='bbox 1727 2495 1916 2541; x_wconf 82' lang='lat' dir='ltr'><strong>Vossius</strong></span> <span class='ocrx_word' id='word_1_198' title='bbox 1963 2497 2085 2554; x_wconf 80' lang='lat' dir='ltr'><strong>quia-</strong></span> 
     </span>
     <span class='ocr_line' id='line_1_27' title="bbox 178 2565 2086 2626; baseline -0.001 -14"><span class='ocrx_word' id='word_1_199' title='bbox 178 2581 278 2612; x_wconf 86' lang='lat' dir='ltr'><strong>nam</strong></span> <span class='ocrx_word' id='word_1_200' title='bbox 325 2567 518 2612; x_wconf 82' lang='lat' dir='ltr'><strong>clamore</strong></span> <span class='ocrx_word' id='word_1_201' title='bbox 567 2567 838 2612; x_wconf 84' lang='lat' dir='ltr'><strong>Palmerius</strong></span> <span class='ocrx_word' id='word_1_202' title='bbox 877 2568 1101 2626; x_wconf 74' lang='lat' dir='ltr'><strong>Spiciley.</strong></span> <span class='ocrx_word' id='word_1_203' title='bbox 1151 2582 1230 2625; x_wconf 84' lang='lat' dir='ltr'><strong>ap.</strong></span> <span class='ocrx_word' id='word_1_204' title='bbox 1274 2566 1409 2612; x_wconf 82' lang='lat' dir='ltr'><strong>Grut.</strong></span> <span class='ocrx_word' id='word_1_205' title='bbox 1451 2566 1531 2611; x_wconf 81' lang='lat' dir='ltr'><strong>IV</strong></span> <span class='ocrx_word' id='word_1_206' title='bbox 1567 2566 1666 2612; x_wconf 83' lang='grc'><strong>766</strong></span> <span class='ocrx_word' id='word_1_207' title='bbox 1716 2580 1845 2626; x_wconf 79' lang='lat' dir='ltr'><strong>quam</strong></span> <span class='ocrx_word' id='word_1_208' title='bbox 1895 2565 2086 2611; x_wconf 78' lang='lat' dir='ltr'><strong>clamore</strong></span> 
     </span>
     <span class='ocr_line' id='line_1_28' title="bbox 183 2636 2090 2704; baseline 0 -23"><span class='ocrx_word' id='word_1_209' title='bbox 183 2637 382 2683; x_wconf 78' lang='lat' dir='ltr'><strong>Bolhius</strong></span> <span class='ocrx_word' id='word_1_210' title='bbox 409 2651 601 2697; x_wconf 85' lang='lat' dir='ltr'><strong>quonam</strong></span> <span class='ocrx_word' id='word_1_211' title='bbox 630 2637 833 2683; x_wconf 83' lang='lat' dir='ltr'><strong>clanculo</strong></span> <span class='ocrx_word' id='word_1_212' title='bbox 860 2652 908 2682; x_wconf 91' lang='lat' dir='ltr'><strong>se</strong></span> <span class='ocrx_word' id='word_1_213' title='bbox 937 2638 1252 2683; x_wconf 81' lang='lat' dir='ltr'><strong>Hermannus</strong></span> <span class='ocrx_word' id='word_1_214' title='bbox 1279 2651 1470 2696; x_wconf 88' lang='lat' dir='ltr'><strong>quonam</strong></span> <span class='ocrx_word' id='word_1_215' title='bbox 1497 2636 1745 2704; x_wconf 71' lang='lat' dir='ltr'><strong>clanculum</strong></span> <span class='ocrx_word' id='word_1_216' title='bbox 1774 2650 1821 2681; x_wconf 90' lang='lat' dir='ltr'><strong>se</strong></span> <span class='ocrx_word' id='word_1_217' title='bbox 1849 2636 2090 2696; x_wconf 73' lang='lat' dir='ltr'><strong>Beryltius</strong></span> 
     </span>
     <span class='ocr_line' id='line_1_29' title="bbox 178 2707 2085 2767; baseline 0 -15"><span class='ocrx_word' id='word_1_218' title='bbox 178 2707 304 2753; x_wconf 84' lang='lat' dir='ltr'><strong>Mus.</strong></span> <span class='ocrx_word' id='word_1_219' title='bbox 331 2709 488 2755; x_wconf 79' lang='lat' dir='ltr'><strong>Rhen.</strong></span> <span class='ocrx_word' id='word_1_220' title='bbox 519 2707 651 2754; x_wconf 89' lang='lat'>1835</span> <span class='ocrx_word' id='word_1_221' title='bbox 677 2724 724 2767; x_wconf 82' lang='lat' dir='ltr'><strong>p.</strong></span> <span class='ocrx_word' id='word_1_222' title='bbox 755 2709 817 2754; x_wconf 83' lang='lat'><strong>77</strong></span> <span class='ocrx_word' id='word_1_223' title='bbox 927 2712 1025 2753; x_wconf 89' lang='lat' dir='ltr'><strong>An:</strong></span> <span class='ocrx_word' id='word_1_224' title='bbox 1063 2708 1138 2753; x_wconf 86' lang='lat' dir='ltr'><strong>ubi</strong></span> <span class='ocrx_word' id='word_1_225' title='bbox 1175 2707 1251 2753; x_wconf 89' lang='lat' dir='ltr'><strong>ille</strong></span> <span class='ocrx_word' id='word_1_226' title='bbox 1289 2707 1388 2752; x_wconf 68' lang='lat' dir='ltr'><strong>est?</strong></span> <span class='ocrx_word' id='word_1_227' title='bbox 1426 2721 1495 2752; x_wconf 86' lang='lat' dir='ltr'><strong>me</strong></span> <span class='ocrx_word' id='word_1_228' title='bbox 1534 2708 1739 2752; x_wconf 79' lang='lat' dir='ltr'><strong>miseram</strong></span> <span class='ocrx_word' id='word_1_229' title='bbox 1768 2707 1935 2752; x_wconf 83' lang='lat' dir='ltr'><strong>clamor</strong></span> <span class='ocrx_word' id='word_1_230' title='bbox 1975 2721 2085 2766; x_wconf 90' lang='lat' dir='ltr'><strong>quo-</strong></span> 
     </span>
    </p>
   </div>
   <div class='ocr_carea' id='block_1_9' title="bbox 179 2796 2086 2894">
    <p class='ocr_par' dir='ltr' id='par_1_11' title="bbox 179 2796 2086 2894">
     <span class='ocr_line' id='line_1_30' title="bbox 179 2796 2086 2894; baseline -0.001 -14"><span class='ocrx_word' id='word_1_231' title='bbox 179 2837 294 2880; x_wconf 83' lang='lat' dir='ltr'><strong>niam</strong></span> <span class='ocrx_word' id='word_1_232' title='bbox 333 2836 529 2882; x_wconf 82' lang='lat' dir='ltr'><strong>eliminat</strong></span> <span class='ocrx_word' id='word_1_233' title='bbox 553 2837 652 2881; x_wconf 83' lang='lat'><strong>——?</strong></span> <span class='ocrx_word' id='word_1_234' title='bbox 766 2836 862 2883; x_wconf 86' lang='lat'><strong>135</strong></span> <span class='ocrx_word' id='word_1_235' title='bbox 902 2850 1002 2881; x_wconf 86' lang='lat' dir='ltr'><strong>cum</strong></span> <span class='ocrx_word' id='word_1_236' title='bbox 1042 2836 1171 2881; x_wconf 86' lang='lat' dir='ltr'><strong>ultim</strong></span> <span class='ocrx_word' id='word_1_237' title='bbox 1197 2836 1326 2881; x_wconf 91' lang='lat' dir='ltr'><strong>Leid.</strong></span> <span class='ocrx_word' id='word_1_238' title='bbox 1441 2834 1539 2880; x_wconf 85' lang='lat'><strong>136</strong></span> <span class='ocrx_word' id='word_1_239' title='bbox 1579 2796 1741 2880; x_wconf 53' lang='lat' dir='ltr'><strong>aclieiis</strong></span> <span class='ocrx_word' id='word_1_240' title='bbox 1769 2836 1886 2894; x_wconf 77' lang='lat' dir='ltr'><strong>Rey.</strong></span> <span class='ocrx_word' id='word_1_241' title='bbox 1910 2800 2086 2879; x_wconf 73' lang='lat' dir='ltr'><strong>acheos</strong></span> 
     </span>
    </p>
   </div>
   <div class='ocr_carea' id='block_1_10' title="bbox 178 2905 2086 3655">
    <p class='ocr_par' dir='ltr' id='par_1_12' title="bbox 178 2905 2086 3655">
     <span class='ocr_line' id='line_1_31' title="bbox 184 2905 2086 2966; baseline -0.001 -15"><span class='ocrx_word' id='word_1_242' title='bbox 184 2905 348 2952; x_wconf 86' lang='lat' dir='ltr'><strong>Bamb.</strong></span> <span class='ocrx_word' id='word_1_243' title='bbox 376 2907 524 2952; x_wconf 90' lang='lat' dir='ltr'><strong>Bern.</strong></span> <span class='ocrx_word' id='word_1_244' title='bbox 547 2908 816 2952; x_wconf 74' lang='lat' dir='ltr'><strong>Arnienens.</strong></span> <span class='ocrx_word' id='word_1_245' title='bbox 846 2907 1032 2952; x_wconf 81' lang='lat' dir='ltr'><strong>achaeos</strong></span> <span class='ocrx_word' id='word_1_246' title='bbox 1061 2907 1208 2966; x_wconf 73' lang='lat' dir='ltr'><strong>Sany.</strong></span> <span class='ocrx_word' id='word_1_247' title='bbox 1230 2907 1445 2953; x_wconf 82' lang='lat' dir='ltr'><strong>Karalir.</strong></span> <span class='ocrx_word' id='word_1_248' title='bbox 1475 2905 1678 2950; x_wconf 83' lang='lat' dir='ltr'><strong>aehaeios</strong></span> <span class='ocrx_word' id='word_1_249' title='bbox 1706 2906 1851 2951; x_wconf 88' lang='lat' dir='ltr'><strong>Halb.</strong></span> <span class='ocrx_word' id='word_1_250' title='bbox 1881 2905 2086 2962; x_wconf 79' lang='lat' dir='ltr'><strong>Scripsit</strong></span> 
     </span>
     <span class='ocr_line' id='line_1_32' title="bbox 179 2971 2082 3037; baseline -0.001 -17"><span class='ocrx_word' id='word_1_251' title='bbox 179 2978 342 3021; x_wconf 78' lang='lat' dir='ltr'><strong>Aciuos</strong></span> <span class='ocrx_word' id='word_1_252' title='bbox 363 2983 509 3036; x_wconf 82' lang='lat' dir='ltr'><strong>poeta</strong></span> <span class='ocrx_word' id='word_1_253' title='bbox 620 2971 836 3037; x_wconf 65' lang='lat' dir='ltr'><strong>caphereiS</strong></span> <span class='ocrx_word' id='word_1_254' title='bbox 863 2978 982 3036; x_wconf 72' lang='lat' dir='ltr'><strong>Req.</strong></span> <span class='ocrx_word' id='word_1_255' title='bbox 1009 2990 1137 3026; x_wconf 82' lang='lat' dir='ltr'><strong>corr.</strong></span> <span class='ocrx_word' id='word_1_256' title='bbox 1166 2993 1224 3022; x_wconf 86' lang='lat' dir='ltr'><strong>m.</strong></span> <span class='ocrx_word' id='word_1_257' title='bbox 1253 2976 1282 3021; x_wconf 88' lang='grc'>2</span> <span class='ocrx_word' id='word_1_258' title='bbox 1322 2976 1529 3036; x_wconf 79' lang='lat' dir='ltr'><strong>capherei</strong></span> <span class='ocrx_word' id='word_1_259' title='bbox 1553 2977 1733 3020; x_wconf 71' lang='lat' dir='ltr'><strong>Arnien.</strong></span> <span class='ocrx_word' id='word_1_260' title='bbox 1762 2976 1910 3020; x_wconf 87' lang='lat' dir='ltr'><strong>Bern.</strong></span> <span class='ocrx_word' id='word_1_261' title='bbox 1937 2976 2082 3020; x_wconf 88' lang='lat' dir='ltr'><strong>Halb.</strong></span> 
     </span>
     <span class='ocr_line' id='line_1_33' title="bbox 179 3046 2081 3107; baseline 0 -17"><span class='ocrx_word' id='word_1_262' title='bbox 179 3046 394 3092; x_wconf 82' lang='lat' dir='ltr'><strong>Karalir.</strong></span> <span class='ocrx_word' id='word_1_263' title='bbox 443 3048 605 3093; x_wconf 81' lang='lat' dir='ltr'><strong>caserei</strong></span> <span class='ocrx_word' id='word_1_264' title='bbox 645 3048 791 3107; x_wconf 73' lang='lat' dir='ltr'><strong>Sany.</strong></span> <span class='ocrx_word' id='word_1_265' title='bbox 830 3047 1043 3107; x_wconf 78' lang='lat' dir='ltr'><strong>Capharei</strong></span> <span class='ocrx_word' id='word_1_266' title='bbox 1090 3050 1242 3107; x_wconf 71' lang='lat' dir='ltr'><strong>uulqo.</strong></span> <span class='ocrx_word' id='word_1_267' title='bbox 1327 3047 1399 3092; x_wconf 89' lang='lat' dir='ltr'><strong>De</strong></span> <span class='ocrx_word' id='word_1_268' title='bbox 1449 3046 1610 3105; x_wconf 87' lang='lat' dir='ltr'><strong>forma</strong></span> <span class='ocrx_word' id='word_1_269' title='bbox 1657 3049 1865 3106; x_wconf 75' lang='lat' dir='ltr'><strong>yenetiui</strong></span> <span class='ocrx_word' id='word_1_270' title='bbox 1912 3048 1980 3103; x_wconf 81' lang='lat' dir='ltr'><strong>ef.</strong></span> <span class='ocrx_word' id='word_1_271' title='bbox 2031 3046 2081 3089; x_wconf 84' lang='lat' dir='ltr'><strong>L.</strong></span> 
     </span>
     <span class='ocr_line' id='line_1_34' title="bbox 178 3116 2082 3178; baseline -0.001 -16"><span class='ocrx_word' id='word_1_272' title='bbox 178 3117 385 3162; x_wconf 85' lang='lat' dir='ltr'><strong>Mueller</strong></span> <span class='ocrx_word' id='word_1_273' title='bbox 421 3120 478 3163; x_wconf 89' lang='lat' dir='ltr'><strong>de</strong></span> <span class='ocrx_word' id='word_1_274' title='bbox 515 3132 570 3164; x_wconf 90' lang='lat' dir='ltr'><strong>re</strong></span> <span class='ocrx_word' id='word_1_275' title='bbox 608 3135 667 3164; x_wconf 86' lang='lat' dir='ltr'><strong>m.</strong></span> <span class='ocrx_word' id='word_1_276' title='bbox 697 3118 796 3164; x_wconf 82' lang='lat'><strong>267</strong></span> <span class='ocrx_word' id='word_1_277' title='bbox 944 3118 1140 3178; x_wconf 78' lang='lat' dir='ltr'><strong>prodidit</strong></span> <span class='ocrx_word' id='word_1_278' title='bbox 1179 3117 1394 3178; x_wconf 71' lang='lat' dir='ltr'><strong>Sariyall.</strong></span> <span class='ocrx_word' id='word_1_279' title='bbox 1431 3133 1489 3161; x_wconf 78' lang='lat' dir='ltr'><strong>ni.</strong></span> <span class='ocrx_word' id='word_1_280' title='bbox 1531 3118 1556 3161; x_wconf 94' lang='lat'>1</span> <span class='ocrx_word' id='word_1_281' title='bbox 1718 3116 1811 3162; x_wconf 88' lang='grc'><strong>137</strong></span> <span class='ocrx_word' id='word_1_282' title='bbox 1853 3129 1923 3175; x_wconf 78' lang='lat' dir='ltr'><strong>sq.</strong></span> <span class='ocrx_word' id='word_1_283' title='bbox 1969 3116 2082 3161; x_wconf 87' lang='lat' dir='ltr'><strong>Tro·</strong></span> 
     </span>
     <span class='ocr_line' id='line_1_35' title="bbox 180 3188 2083 3248; baseline -0.002 -16"><span class='ocrx_word' id='word_1_284' title='bbox 180 3188 356 3233; x_wconf 76' lang='lat' dir='ltr'><strong>elzaeos</strong></span> <span class='ocrx_word' id='word_1_285' title='bbox 394 3189 595 3235; x_wconf 76' lang='lat' dir='ltr'><strong>Bothius</strong></span> <span class='ocrx_word' id='word_1_286' title='bbox 632 3192 852 3248; x_wconf 61' lang='lat' dir='ltr'><strong>agnouit:</strong></span> <span class='ocrx_word' id='word_1_287' title='bbox 902 3189 969 3247; x_wconf 83' lang='lat' dir='ltr'><strong>cf.</strong></span> <span class='ocrx_word' id='word_1_288' title='bbox 1011 3189 1283 3247; x_wconf 81' lang='lat' dir='ltr'><strong>Geppertus</strong></span> <span class='ocrx_word' id='word_1_289' title='bbox 1329 3189 1386 3233; x_wconf 92' lang='lat' dir='ltr'><strong>de</strong></span> <span class='ocrx_word' id='word_1_290' title='bbox 1419 3190 1812 3245; x_wconf 78' lang='lat' dir='ltr'><strong>pronuntiatione</strong></span> <span class='ocrx_word' id='word_1_291' title='bbox 1850 3188 2083 3231; x_wconf 84' lang='lat' dir='ltr'><strong>sermonis</strong></span> 
     </span>
     <span class='ocr_line' id='line_1_36' title="bbox 178 3257 2081 3318; baseline -0.002 -17"><span class='ocrx_word' id='word_1_292' title='bbox 178 3258 339 3303; x_wconf 86' lang='lat' dir='ltr'><strong>Latini</strong></span> <span class='ocrx_word' id='word_1_293' title='bbox 370 3273 420 3316; x_wconf 84' lang='lat' dir='ltr'><strong>p.</strong></span> <span class='ocrx_word' id='word_1_294' title='bbox 460 3259 585 3311; x_wconf 87' lang='lat'>115,</span> <span class='ocrx_word' id='word_1_295' title='bbox 628 3260 780 3304; x_wconf 89' lang='lat' dir='ltr'><strong>CFW</strong></span> <span class='ocrx_word' id='word_1_296' title='bbox 809 3259 1017 3305; x_wconf 85' lang='lat' dir='ltr'><strong>Mueller</strong></span> <span class='ocrx_word' id='word_1_297' title='bbox 1059 3260 1253 3318; x_wconf 79' lang='lat' dir='ltr'><strong>prosod.</strong></span> <span class='ocrx_word' id='word_1_298' title='bbox 1294 3259 1456 3304; x_wconf 84' lang='lat' dir='ltr'><strong>Plaut.</strong></span> <span class='ocrx_word' id='word_1_299' title='bbox 1496 3257 1595 3303; x_wconf 87' lang='lat'><strong>338</strong></span> <span class='ocrx_word' id='word_1_300' title='bbox 1754 3257 1850 3302; x_wconf 87' lang='grc'><strong>137</strong></span> <span class='ocrx_word' id='word_1_301' title='bbox 1892 3257 1973 3299; x_wconf 86' lang='lat' dir='ltr'><strong>uisi</strong></span> <span class='ocrx_word' id='word_1_302' title='bbox 2012 3268 2081 3299; x_wconf 88' lang='lat' dir='ltr'><strong>me</strong></span> 
     </span>
     <span class='ocr_line' id='line_1_37' title="bbox 179 3328 2080 3387; baseline -0.001 -16"><span class='ocrx_word' id='word_1_303' title='bbox 179 3328 381 3373; x_wconf 74' lang='lat' dir='ltr'><strong>Bothius</strong></span> <span class='ocrx_word' id='word_1_304' title='bbox 418 3343 487 3374; x_wconf 89' lang='lat' dir='ltr'><strong>me</strong></span> <span class='ocrx_word' id='word_1_305' title='bbox 524 3331 638 3374; x_wconf 86' lang='lat' dir='ltr'><strong>libri</strong></span> <span class='ocrx_word' id='word_1_306' title='bbox 674 3330 720 3373; x_wconf 92' lang='lat' dir='ltr'><strong>ni</strong></span> <span class='ocrx_word' id='word_1_307' title='bbox 746 3329 1059 3374; x_wconf 82' lang='lat' dir='ltr'><strong>Hermannus</strong></span> <span class='ocrx_word' id='word_1_308' title='bbox 1170 3328 1268 3375; x_wconf 83' lang='lat'><strong>138</strong></span> <span class='ocrx_word' id='word_1_309' title='bbox 1307 3331 1355 3373; x_wconf 84' lang='lat' dir='ltr'><strong>in</strong></span> <span class='ocrx_word' id='word_1_310' title='bbox 1395 3331 1530 3374; x_wconf 74' lang='lat' dir='ltr'><strong>exitu</strong></span> <span class='ocrx_word' id='word_1_311' title='bbox 1568 3329 1681 3387; x_wconf 79' lang='lat' dir='ltr'><strong>patri</strong></span> <span class='ocrx_word' id='word_1_312' title='bbox 1719 3328 1939 3385; x_wconf 79' lang='lat' dir='ltr'><strong>suppleri</strong></span> <span class='ocrx_word' id='word_1_313' title='bbox 1971 3338 2080 3383; x_wconf 83' lang='lat' dir='ltr'><strong>pos-</strong></span> 
     </span>
     <span class='ocr_line' id='line_1_38' title="bbox 179 3394 2079 3457; baseline -0.002 -15"><span class='ocrx_word' id='word_1_314' title='bbox 179 3399 263 3450; x_wconf 83' lang='lat' dir='ltr'><strong>sit,</strong></span> <span class='ocrx_word' id='word_1_315' title='bbox 302 3398 408 3443; x_wconf 88' lang='lat' dir='ltr'><strong>mihi</strong></span> <span class='ocrx_word' id='word_1_316' title='bbox 445 3401 624 3445; x_wconf 77' lang='lat' dir='ltr'><strong>addidit</strong></span> <span class='ocrx_word' id='word_1_317' title='bbox 651 3400 936 3457; x_wconf 80' lang='lat' dir='ltr'><strong>Geppertus.</strong></span> <span class='ocrx_word' id='word_1_318' title='bbox 1052 3399 1149 3445; x_wconf 87' lang='lat'><strong>139</strong></span> <span class='ocrx_word' id='word_1_319' title='bbox 1178 3399 1426 3443; x_wconf 83' lang='lat' dir='ltr'><strong>matrissem</strong></span> <span class='ocrx_word' id='word_1_320' title='bbox 1455 3397 1537 3444; x_wconf 87' lang='lat' dir='ltr'><strong>CF</strong></span> <span class='ocrx_word' id='word_1_321' title='bbox 1548 3398 1610 3443; x_wconf 85' lang='lat' dir='ltr'><em>W</em></span> <span class='ocrx_word' id='word_1_322' title='bbox 1629 3397 1835 3443; x_wconf 86' lang='lat' dir='ltr'><strong>Mueller</strong></span> <span class='ocrx_word' id='word_1_323' title='bbox 1858 3398 1891 3440; x_wconf 90' lang='lat' dir='ltr'><strong>l.</strong></span> <span class='ocrx_word' id='word_1_324' title='bbox 1916 3397 1950 3440; x_wconf 87' lang='lat' dir='ltr'><strong>I.</strong></span> <span class='ocrx_word' id='word_1_325' title='bbox 1979 3394 2079 3440; x_wconf 89' lang='grc'><strong>372</strong></span> 
     </span>
     <span class='ocr_line' id='line_1_39' title="bbox 179 3465 2080 3529; baseline -0.001 -18"><span class='ocrx_word' id='word_1_326' title='bbox 179 3474 471 3513; x_wconf 82' lang='lat' dir='ltr'><strong>maturescam</strong></span> <span class='ocrx_word' id='word_1_327' title='bbox 511 3473 617 3515; x_wconf 87' lang='lat' dir='ltr'><strong>olim</strong></span> <span class='ocrx_word' id='word_1_328' title='bbox 654 3473 859 3527; x_wconf 84' lang='lat' dir='ltr'><strong>conieci,</strong></span> <span class='ocrx_word' id='word_1_329' title='bbox 909 3471 1036 3529; x_wconf 80' lang='lat' dir='ltr'><strong>quod</strong></span> <span class='ocrx_word' id='word_1_330' title='bbox 1081 3483 1141 3514; x_wconf 89' lang='lat' dir='ltr'><strong>ne</strong></span> <span class='ocrx_word' id='word_1_331' title='bbox 1177 3483 1306 3514; x_wconf 86' lang='lat' dir='ltr'><strong>nunc</strong></span> <span class='ocrx_word' id='word_1_332' title='bbox 1344 3470 1528 3528; x_wconf 81' lang='lat' dir='ltr'><strong>quidem</strong></span> <span class='ocrx_word' id='word_1_333' title='bbox 1567 3469 1627 3512; x_wconf 86' lang='lat' dir='ltr'><strong>ab</strong></span> <span class='ocrx_word' id='word_1_334' title='bbox 1667 3469 1791 3512; x_wconf 85' lang='lat' dir='ltr'><strong>omni</strong></span> <span class='ocrx_word' id='word_1_335' title='bbox 1815 3465 2080 3523; x_wconf 73' lang='lat' dir='ltr'><strong>probabili-</strong></span> 
     </span>
     <span class='ocr_line' id='line_1_40' title="bbox 182 3537 2083 3598; baseline -0.002 -17"><span class='ocrx_word' id='word_1_336' title='bbox 182 3542 278 3582; x_wconf 84' lang='lat' dir='ltr'><strong>tate</strong></span> <span class='ocrx_word' id='word_1_337' title='bbox 323 3539 586 3584; x_wconf 79' lang='lat' dir='ltr'><strong>abliorrere</strong></span> <span class='ocrx_word' id='word_1_338' title='bbox 623 3543 801 3585; x_wconf 78' lang='lat' dir='ltr'><strong>sentio.-</strong></span> <span class='ocrx_word' id='word_1_339' title='bbox 850 3544 891 3585; x_wconf 88' lang='lat' dir='ltr'><strong>si</strong></span> <span class='ocrx_word' id='word_1_340' title='bbox 933 3540 1278 3598; x_wconf 83' lang='lat' dir='ltr'><strong>praeferatur,</strong></span> <span class='ocrx_word' id='word_1_341' title='bbox 1326 3540 1578 3584; x_wconf 84' lang='lat' dir='ltr'><strong>iambicum</strong></span> <span class='ocrx_word' id='word_1_342' title='bbox 1629 3539 1927 3581; x_wconf 72' lang='lat' dir='ltr'><strong>octonarium</strong></span> <span class='ocrx_word' id='word_1_343' title='bbox 1971 3537 2083 3592; x_wconf 81' lang='lat' dir='ltr'><strong>fieri</strong></span> 
     </span>
     <span class='ocr_line' id='line_1_41' title="bbox 181 3610 1706 3655; baseline 0.001 -6"><span class='ocrx_word' id='word_1_344' title='bbox 181 3613 313 3651; x_wconf 86' lang='lat' dir='ltr'><strong>reete</strong></span> <span class='ocrx_word' id='word_1_345' title='bbox 347 3612 523 3653; x_wconf 83' lang='lat' dir='ltr'><strong>monuit</strong></span> <span class='ocrx_word' id='word_1_346' title='bbox 559 3610 826 3655; x_wconf 81' lang='lat' dir='ltr'><strong>Muellerus</strong></span> <span class='ocrx_word' id='word_1_347' title='bbox 861 3613 893 3655; x_wconf 90' lang='lat' dir='ltr'><strong>l.</strong></span> <span class='ocrx_word' id='word_1_348' title='bbox 931 3613 963 3655; x_wconf 91' lang='lat' dir='ltr'><strong>l.</strong></span> <span class='ocrx_word' id='word_1_349' title='bbox 1102 3623 1248 3654; x_wconf 87' lang='lat' dir='ltr'><strong>meum</strong></span> <span class='ocrx_word' id='word_1_350' title='bbox 1287 3611 1562 3654; x_wconf 87' lang='lat' dir='ltr'><strong>deleueram</strong></span> <span class='ocrx_word' id='word_1_351' title='bbox 1600 3610 1706 3651; x_wconf 89' lang='lat' dir='ltr'><strong>olim</strong></span> 
     </span>
    </p>
   </div>
  </div>
 </body>
</html>
