<?xml version="1.0" encoding="UTF-8"?>
<!DOCTYPE html PUBLIC "-//W3C//DTD XHTML 1.0 Transitional//EN"
    "http://www.w3.org/TR/xhtml1/DTD/xhtml1-transitional.dtd">
<html xmlns="http://www.w3.org/1999/xhtml" xml:lang="en" lang="en">
 <head>
  <title>
</title>
<meta http-equiv="Content-Type" content="text/html;charset=utf-8" />
  <meta name='ocr-system' content='tesseract 3.04.00' />
  <meta name='ocr-capabilities' content='ocr_page ocr_carea ocr_par ocr_line ocrx_word'/>
</head>
<body>
  <div class='ocr_page' id='page_1' title='image "./scaenicaeromano01ribbuoft_0217.png"; bbox 0 0 2294 3844; ppageno 0'>
   <div class='ocr_carea' id='block_1_1' title="bbox 1009 228 2169 282">
    <p class='ocr_par' dir='ltr' id='par_1_1' title="bbox 1009 228 2169 282">
     <span class='ocr_line' id='line_1_1' title="bbox 1009 228 2169 282; baseline 0.014 -15"><span class='ocrx_word' id='word_1_1' title='bbox 1009 228 1073 268; x_wconf 86' lang='lat' dir='ltr'>M.</span> <span class='ocrx_word' id='word_1_2' title='bbox 1106 228 1402 270; x_wconf 79' lang='lat' dir='ltr'>PAcvvlvs</span> <span class='ocrx_word' id='word_1_3' title='bbox 2071 233 2169 282; x_wconf 82' lang='lat'>119</span> 
     </span>
    </p>
   </div>
   <div class='ocr_carea' id='block_1_2' title="bbox 253 358 2166 1306">
    <p class='ocr_par' dir='ltr' id='par_1_2' title="bbox 253 358 2166 1306">
     <span class='ocr_line' id='line_1_2' title="bbox 1068 358 1362 429; baseline 0 -21"><span class='ocrx_word' id='word_1_4' title='bbox 1068 358 1196 409; x_wconf 85' lang='lat' dir='ltr'>XIII</span> <span class='ocrx_word' id='word_1_5' title='bbox 1243 358 1362 429; x_wconf 71' lang='lat'>(25)</span> 
     </span>
     <span class='ocr_line' id='line_1_3' title="bbox 1239 448 1902 517; baseline 0.003 -18"><span class='ocrx_word' id='word_1_6' title='bbox 1239 449 1369 499; x_wconf 88' lang='lat' dir='ltr'>mihi</span> <span class='ocrx_word' id='word_1_7' title='bbox 1413 449 1633 499; x_wconf 67' lang='lat' dir='ltr'>classem</span> <span class='ocrx_word' id='word_1_8' title='bbox 1679 448 1902 517; x_wconf 71' lang='lat' dir='ltr'>imperat</span> 
     </span>
     <span class='ocr_line' id='line_1_4' title="bbox 409 539 2166 613; baseline 0.006 -23"><span class='ocrx_word' id='word_1_9' title='bbox 409 539 725 592; x_wconf 73' lang='lat' dir='ltr'>Thessalum</span> <span class='ocrx_word' id='word_1_10' title='bbox 761 544 1104 611; x_wconf 77' lang='lat' dir='ltr'>nostramque</span> <span class='ocrx_word' id='word_1_11' title='bbox 1147 545 1202 595; x_wconf 88' lang='lat' dir='ltr'>in</span> <span class='ocrx_word' id='word_1_12' title='bbox 1229 546 1396 596; x_wconf 78' lang='lat' dir='ltr'>ultum</span> <span class='ocrx_word' id='word_1_13' title='bbox 1437 547 1496 596; x_wconf 79' lang='lat' dir='ltr'>ut</span> <span class='ocrx_word' id='word_1_14' title='bbox 1521 546 1816 613; x_wconf 73' lang='lat' dir='ltr'>properiter</span> <span class='ocrx_word' id='word_1_15' title='bbox 1842 548 2166 601; x_wconf 54' lang='lat' dir='ltr'>deducerent</span> 
     </span>
     <span class='ocr_line' id='line_1_5' title="bbox 1089 639 1343 710; baseline 0.016 -20"><span class='ocrx_word' id='word_1_16' title='bbox 1089 640 1218 692; x_wconf 90' lang='lat' dir='ltr'>XIV</span> <span class='ocrx_word' id='word_1_17' title='bbox 1260 639 1343 710; x_wconf 62' lang='lat'>(8‘)</span> 
     </span>
     <span class='ocr_line' id='line_1_6' title="bbox 407 726 2105 799; baseline 0.004 -22"><span class='ocrx_word' id='word_1_18' title='bbox 407 726 610 794; x_wconf 55' lang='lat' dir='ltr'>Rapido.</span> <span class='ocrx_word' id='word_1_19' title='bbox 651 730 792 778; x_wconf 80' lang='lat' dir='ltr'>retro</span> <span class='ocrx_word' id='word_1_20' title='bbox 834 728 1072 796; x_wconf 70' lang='lat' dir='ltr'>citroque</span> <span class='ocrx_word' id='word_1_21' title='bbox 1112 730 1313 797; x_wconf 77' lang='lat' dir='ltr'>percito</span> <span class='ocrx_word' id='word_1_22' title='bbox 1356 731 1506 782; x_wconf 71' lang='lat' dir='ltr'>aestu</span> <span class='ocrx_word' id='word_1_23' title='bbox 1551 732 1895 799; x_wconf 65' lang='lat' dir='ltr'>praecipitem</span> <span class='ocrx_word' id='word_1_24' title='bbox 1940 736 2105 784; x_wconf 75' lang='lat' dir='ltr'>ruteni</span> 
     </span>
     <span class='ocr_line' id='line_1_7' title="bbox 407 822 2060 895; baseline 0.004 -22"><span class='ocrx_word' id='word_1_25' title='bbox 407 822 779 891; x_wconf 70' lang='lat' dir='ltr'>Reciprocare,</span> <span class='ocrx_word' id='word_1_26' title='bbox 821 825 1099 893; x_wconf 73' lang='lat' dir='ltr'>undaeque</span> <span class='ocrx_word' id='word_1_27' title='bbox 1140 846 1166 876; x_wconf 82' lang='lat' dir='ltr'>e</span> <span class='ocrx_word' id='word_1_28' title='bbox 1208 827 1424 895; x_wconf 69' lang='lat' dir='ltr'>gremiis</span> <span class='ocrx_word' id='word_1_29' title='bbox 1471 828 1766 878; x_wconf 80' lang='lat' dir='ltr'>subiectare</span> <span class='ocrx_word' id='word_1_30' title='bbox 1809 827 2060 894; x_wconf 67' lang='lat' dir='ltr'>adfligere</span> 
     </span>
     <span class='ocr_line' id='line_1_8' title="bbox 1011 919 1402 991; baseline 0.005 -19"><span class='ocrx_word' id='word_1_31' title='bbox 1011 921 1115 972; x_wconf 82' lang='lat' dir='ltr'>XV</span> <span class='ocrx_word' id='word_1_32' title='bbox 1157 919 1265 991; x_wconf 69' lang='lat'>(2⁴3.</span> <span class='ocrx_word' id='word_1_33' title='bbox 1307 921 1402 991; x_wconf 76' lang='lat'>27)</span> 
     </span>
     <span class='ocr_line' id='line_1_9' title="bbox 257 1008 1764 1080; baseline 0.002 -20"><span class='ocrx_word' id='word_1_34' title='bbox 257 1008 364 1060; x_wconf 80' lang='lat'>335</span> <span class='ocrx_word' id='word_1_35' title='bbox 405 1050 414 1059; x_wconf 89' lang='lat'>.</span> <span class='ocrx_word' id='word_1_36' title='bbox 457 1051 466 1059; x_wconf 92' lang='lat'>.</span> <span class='ocrx_word' id='word_1_37' title='bbox 509 1051 518 1059; x_wconf 93' lang='lat'>.</span> <span class='ocrx_word' id='word_1_38' title='bbox 561 1051 569 1059; x_wconf 92' lang='lat'>.</span> <span class='ocrx_word' id='word_1_39' title='bbox 612 1010 1002 1061; x_wconf 69' lang='lat' dir='ltr'>armamentum</span> <span class='ocrx_word' id='word_1_40' title='bbox 1043 1009 1262 1079; x_wconf 77' lang='lat' dir='ltr'>stridor,</span> <span class='ocrx_word' id='word_1_41' title='bbox 1303 1011 1477 1063; x_wconf 80' lang='lat' dir='ltr'>flietus</span> <span class='ocrx_word' id='word_1_42' title='bbox 1523 1013 1764 1080; x_wconf 75' lang='lat' dir='ltr'>minium,</span> 
     </span>
     <span class='ocr_line' id='line_1_10' title="bbox 405 1103 2164 1173; baseline 0.004 -18"><span class='ocrx_word' id='word_1_43' title='bbox 405 1103 669 1173; x_wconf 74' lang='lat' dir='ltr'>Stl&#39;e‘pitus</span> <span class='ocrx_word' id='word_1_44' title='bbox 709 1105 952 1157; x_wconf 78' lang='lat' dir='ltr'>fremitus</span> <span class='ocrx_word' id='word_1_45' title='bbox 987 1107 1188 1158; x_wconf 69' lang='lat' dir='ltr'>clamor</span> <span class='ocrx_word' id='word_1_46' title='bbox 1219 1108 1519 1161; x_wconf 74' lang='lat' dir='ltr'>tonitruum</span> <span class='ocrx_word' id='word_1_47' title='bbox 1561 1111 1610 1160; x_wconf 71' lang='lat' dir='ltr'>et</span> <span class='ocrx_word' id='word_1_48' title='bbox 1649 1110 1933 1162; x_wconf 71' lang='lat' dir='ltr'>rudentum</span> <span class='ocrx_word' id='word_1_49' title='bbox 1976 1111 2164 1164; x_wconf 62' lang='lat' dir='ltr'>sibilus·</span> 
     </span>
     <span class='ocr_line' id='line_1_11' title="bbox 1061 1201 1346 1273; baseline 0.007 -19"><span class='ocrx_word' id='word_1_50' title='bbox 1061 1203 1190 1255; x_wconf 89' lang='lat' dir='ltr'>XVI</span> <span class='ocrx_word' id='word_1_51' title='bbox 1226 1201 1346 1273; x_wconf 79' lang='lat'>(18)</span> 
     </span>
     <span class='ocr_line' id='line_1_12' title="bbox 253 1254 1246 1306; baseline 0.003 0"><span class='ocrx_word' id='word_1_52' title='bbox 253 1254 357 1306; x_wconf 80' lang='lat'>337</span> <span class='ocrx_word' id='word_1_53' title='bbox 1240 1266 1246 1273; x_wconf 69' lang='grc'><strong>“</strong></span> 
     </span>
    </p>
   </div>
   <div class='ocr_carea' id='block_1_3' title="bbox 255 1290 2013 1379">
    <p class='ocr_par' dir='ltr' id='par_1_3' title="bbox 255 1290 2013 1379">
     <span class='ocr_line' id='line_1_13' title="bbox 255 1290 2013 1379; baseline 0.003 -37"><span class='ocrx_word' id='word_1_54' title='bbox 255 1329 358 1379; x_wconf 49' lang='lat'>333,</span> <span class='ocrx_word' id='word_1_55' title='bbox 402 1290 523 1343; x_wconf 82' lang='lat' dir='ltr'>&#39;Vbi</span> <span class='ocrx_word' id='word_1_56' title='bbox 563 1294 750 1359; x_wconf 76' lang='lat' dir='ltr'>poetae</span> <span class='ocrx_word' id='word_1_57' title='bbox 792 1294 887 1359; x_wconf 67' lang='lat' dir='ltr'>pro</span> <span class='ocrx_word' id='word_1_58' title='bbox 931 1292 1060 1342; x_wconf 70' lang='lat' dir='ltr'>suad</span> <span class='ocrx_word' id='word_1_59' title='bbox 1102 1295 1214 1344; x_wconf 80' lang='lat' dir='ltr'>arte</span> <span class='ocrx_word' id='word_1_60' title='bbox 1255 1294 1388 1344; x_wconf 68' lang='lat' dir='ltr'>falsa</span> <span class='ocrx_word' id='word_1_61' title='bbox 1433 1295 1659 1346; x_wconf 74' lang='lat' dir='ltr'>conficta</span> <span class='ocrx_word' id='word_1_62' title='bbox 1711 1299 2013 1365; x_wconf 73' lang='lat' dir='ltr'>autumant,</span> 
     </span>
    </p>
   </div>
   <div class='ocr_carea' id='block_1_4' title="bbox 248 1459 2159 1689">
    <p class='ocr_par' dir='ltr' id='par_1_4' title="bbox 248 1459 2159 1689">
     <span class='ocr_line' id='line_1_14' title="bbox 250 1459 2159 1518; baseline 0.004 -17"><span class='ocrx_word' id='word_1_63' title='bbox 250 1459 389 1514; x_wconf 87' lang='lat' dir='ltr'>nesti)</span> <span class='ocrx_word' id='word_1_64' title='bbox 424 1465 588 1514; x_wconf 86' lang='lat' dir='ltr'>‘agere</span> <span class='ocrx_word' id='word_1_65' title='bbox 622 1462 721 1501; x_wconf 86' lang='lat' dir='ltr'>sine</span> <span class='ocrx_word' id='word_1_66' title='bbox 755 1460 908 1501; x_wconf 90' lang='lat' dir='ltr'>dolore</span> <span class='ocrx_word' id='word_1_67' title='bbox 942 1475 1030 1501; x_wconf 91' lang='lat' dir='ltr'>non</span> <span class='ocrx_word' id='word_1_68' title='bbox 1064 1466 1268 1514; x_wconf 82' lang='lat' dir='ltr'>poterat:</span> <span class='ocrx_word' id='word_1_69' title='bbox 1303 1464 1441 1515; x_wconf 83' lang='lat' dir='ltr'>quid?</span> <span class='ocrx_word' id='word_1_70' title='bbox 1483 1466 1734 1505; x_wconf 86' lang='lat' dir='ltr'>Pacuuium</span> <span class='ocrx_word' id='word_1_71' title='bbox 1769 1468 1944 1518; x_wconf 72' lang='lat' dir='ltr'>putatis</span> <span class='ocrx_word' id='word_1_72' title='bbox 1976 1469 2018 1506; x_wconf 90' lang='lat' dir='ltr'>in</span> <span class='ocrx_word' id='word_1_73' title='bbox 2053 1471 2159 1509; x_wconf 85' lang='lat' dir='ltr'>scri·</span> 
     </span>
     <span class='ocr_line' id='line_1_15' title="bbox 251 1518 2158 1575; baseline 0.005 -19"><span class='ocrx_word' id='word_1_74' title='bbox 251 1518 400 1558; x_wconf 82' lang='lat' dir='ltr'>hendo</span> <span class='ocrx_word' id='word_1_75' title='bbox 431 1518 525 1558; x_wconf 88' lang='lat' dir='ltr'>leni</span> <span class='ocrx_word' id='word_1_76' title='bbox 559 1518 708 1558; x_wconf 85' lang='lat' dir='ltr'>animo</span> <span class='ocrx_word' id='word_1_77' title='bbox 741 1531 795 1557; x_wconf 89' lang='lat' dir='ltr'>ac</span> <span class='ocrx_word' id='word_1_78' title='bbox 828 1518 1015 1558; x_wconf 83' lang='lat' dir='ltr'>remisso</span> <span class='ocrx_word' id='word_1_79' title='bbox 1050 1519 1223 1559; x_wconf 78' lang='lat' dir='ltr'>fuisse?</span> <span class='ocrx_word' id='word_1_80' title='bbox 1276 1521 1403 1559; x_wconf 85' lang='lat' dir='ltr'>Fieri</span> <span class='ocrx_word' id='word_1_81' title='bbox 1435 1521 1558 1561; x_wconf 89' lang='lat' dir='ltr'>nullo</span> <span class='ocrx_word' id='word_1_82' title='bbox 1593 1522 1721 1561; x_wconf 85' lang='lat' dir='ltr'>modo</span> <span class='ocrx_word' id='word_1_83' title='bbox 1756 1524 1937 1575; x_wconf 78' lang='lat' dir='ltr'>potuit.&#39;</span> <span class='ocrx_word' id='word_1_84' title='bbox 1988 1525 2158 1565; x_wconf 80' lang='lat' dir='ltr'>Ibidem</span> 
     </span>
     <span class='ocr_line' id='line_1_16' title="bbox 248 1574 2159 1630; baseline 0.004 -16"><span class='ocrx_word' id='word_1_85' title='bbox 248 1575 317 1615; x_wconf 93' lang='lat' dir='ltr'>III</span> <span class='ocrx_word' id='word_1_86' title='bbox 348 1577 423 1626; x_wconf 81' lang='lat'>58,</span> <span class='ocrx_word' id='word_1_87' title='bbox 456 1576 536 1615; x_wconf 76' lang='lat'>‘217</span> <span class='ocrx_word' id='word_1_88' title='bbox 571 1574 720 1614; x_wconf 85' lang='lat' dir='ltr'>‘aliud</span> <span class='ocrx_word' id='word_1_89' title='bbox 754 1575 870 1614; x_wconf 88' lang='lat' dir='ltr'>enim</span> <span class='ocrx_word' id='word_1_90' title='bbox 905 1576 1031 1615; x_wconf 87' lang='lat' dir='ltr'>uocis</span> <span class='ocrx_word' id='word_1_91' title='bbox 1064 1589 1208 1628; x_wconf 81' lang='lat' dir='ltr'>genus</span> <span class='ocrx_word' id='word_1_92' title='bbox 1243 1577 1475 1617; x_wconf 77' lang='lat' dir='ltr'>iracundia</span> <span class='ocrx_word' id='word_1_93' title='bbox 1508 1579 1594 1618; x_wconf 91' lang='lat' dir='ltr'>sibi</span> <span class='ocrx_word' id='word_1_94' title='bbox 1627 1581 1780 1630; x_wconf 87' lang='lat' dir='ltr'>sumit,</span> <span class='ocrx_word' id='word_1_95' title='bbox 1812 1586 2014 1628; x_wconf 84' lang='lat' dir='ltr'>acutum,</span> <span class='ocrx_word' id='word_1_96' title='bbox 2048 1583 2159 1621; x_wconf 79' lang='lat' dir='ltr'>inci-</span> 
     </span>
     <span class='ocr_line' id='line_1_17' title="bbox 248 1631 2152 1689; baseline 0.004 -18"><span class='ocrx_word' id='word_1_97' title='bbox 248 1635 414 1679; x_wconf 85' lang='lat' dir='ltr'>tatum,</span> <span class='ocrx_word' id='word_1_98' title='bbox 455 1632 615 1671; x_wconf 90' lang='lat' dir='ltr'>crebro</span> <span class='ocrx_word' id='word_1_99' title='bbox 655 1631 865 1671; x_wconf 86' lang='lat' dir='ltr'>incidens</span> <span class='ocrx_word' id='word_1_100' title='bbox 904 1663 912 1670; x_wconf 91' lang='lat'>.</span> <span class='ocrx_word' id='word_1_101' title='bbox 939 1664 948 1673; x_wconf 87' lang='lat'>.</span> <span class='ocrx_word' id='word_1_102' title='bbox 974 1664 982 1671; x_wconf 92' lang='lat'>.</span> <span class='ocrx_word' id='word_1_103' title='bbox 1025 1636 1070 1672; x_wconf 87' lang='lat' dir='ltr'>et</span> <span class='ocrx_word' id='word_1_104' title='bbox 1109 1646 1163 1672; x_wconf 87' lang='lat' dir='ltr'>ea</span> <span class='ocrx_word' id='word_1_105' title='bbox 1204 1646 1320 1686; x_wconf 83' lang='lat' dir='ltr'>quac</span> <span class='ocrx_word' id='word_1_106' title='bbox 1354 1638 1403 1672; x_wconf 85' lang='lat' dir='ltr'>tu</span> <span class='ocrx_word' id='word_1_107' title='bbox 1441 1634 1630 1682; x_wconf 86' lang='lat' dir='ltr'>dudum,</span> <span class='ocrx_word' id='word_1_108' title='bbox 1664 1637 1856 1685; x_wconf 76' lang='lat' dir='ltr'>Antoni,</span> <span class='ocrx_word' id='word_1_109' title='bbox 1900 1638 2152 1689; x_wconf 81' lang='lat' dir='ltr'>protulisti:</span> 
     </span>
    </p>
   </div>
   <div class='ocr_carea' id='block_1_5' title="bbox 247 1688 2157 1801">
    <p class='ocr_par' dir='ltr' id='par_1_5' title="bbox 247 1688 2157 1801">
     <span class='ocr_line' id='line_1_18' title="bbox 248 1688 2157 1747; baseline 0.004 -20"><span class='ocrx_word' id='word_1_110' title='bbox 248 1701 554 1741; x_wconf 83' lang='lat' dir='ltr'>segregare</span> <span class='ocrx_word' id='word_1_111' title='bbox 586 1688 682 1728; x_wconf 85' lang='lat' dir='ltr'>abs</span> <span class='ocrx_word' id='word_1_112' title='bbox 715 1692 766 1727; x_wconf 86' lang='lat' dir='ltr'>te</span> <span class='ocrx_word' id='word_1_113' title='bbox 801 1693 1003 1729; x_wconf 79' lang='lat' dir='ltr'>ausus.’</span> <span class='ocrx_word' id='word_1_114' title='bbox 1122 1689 1235 1730; x_wconf 87' lang='lat' dir='ltr'>XIII</span> <span class='ocrx_word' id='word_1_115' title='bbox 1267 1690 1382 1730; x_wconf 89' lang='lat' dir='ltr'>Non.</span> <span class='ocrx_word' id='word_1_116' title='bbox 1420 1693 1524 1742; x_wconf 80' lang='lat'>155,</span> <span class='ocrx_word' id='word_1_117' title='bbox 1559 1693 1583 1731; x_wconf 76' lang='lat'>4</span> <span class='ocrx_word' id='word_1_118' title='bbox 1618 1694 1922 1745; x_wconf 74' lang='lat' dir='ltr'>‘properatim</span> <span class='ocrx_word' id='word_1_119' title='bbox 1957 1699 2001 1733; x_wconf 82' lang='lat' dir='ltr'>et</span> <span class='ocrx_word' id='word_1_120' title='bbox 2033 1709 2157 1747; x_wconf 88' lang='lat' dir='ltr'>pro-</span> 
     </span>
     <span class='ocr_line' id='line_1_19' title="bbox 247 1745 2155 1801; baseline 0.004 -16"><span class='ocrx_word' id='word_1_121' title='bbox 247 1748 485 1798; x_wconf 86' lang='lat' dir='ltr'>periter,</span> <span class='ocrx_word' id='word_1_122' title='bbox 519 1745 749 1792; x_wconf 81' lang='lat' dir='ltr'>celeriter,</span> <span class='ocrx_word' id='word_1_123' title='bbox 784 1750 1085 1798; x_wconf 81' lang='lat' dir='ltr'>properanter</span> <span class='ocrx_word' id='word_1_124' title='bbox 1114 1777 1122 1785; x_wconf 94' lang='lat'>.</span> <span class='ocrx_word' id='word_1_125' title='bbox 1150 1778 1158 1786; x_wconf 93' lang='lat'>.</span> <span class='ocrx_word' id='word_1_126' title='bbox 1187 1749 1221 1785; x_wconf 80' lang='lat'>.’</span> <span class='ocrx_word' id='word_1_127' title='bbox 1357 1747 1464 1786; x_wconf 87' lang='lat' dir='ltr'>XIV</span> <span class='ocrx_word' id='word_1_128' title='bbox 1497 1750 1663 1788; x_wconf 75' lang='lat' dir='ltr'>Festus</span> <span class='ocrx_word' id='word_1_129' title='bbox 1695 1763 1738 1801; x_wconf 83' lang='lat' dir='ltr'>p.</span> <span class='ocrx_word' id='word_1_130' title='bbox 1771 1752 1852 1790; x_wconf 72' lang='lat'>274</span> <span class='ocrx_word' id='word_1_131' title='bbox 1886 1752 1942 1793; x_wconf 79' lang='lat' dir='ltr'>M.</span> <span class='ocrx_word' id='word_1_132' title='bbox 1985 1754 2155 1792; x_wconf 85' lang='lat' dir='ltr'>‘reci-</span> 
     </span>
    </p>
   </div>
   <div class='ocr_carea' id='block_1_6' title="bbox 240 1802 2157 2540">
    <p class='ocr_par' dir='ltr' id='par_1_6' title="bbox 247 1802 2157 1916">
     <span class='ocr_line' id='line_1_20' title="bbox 247 1802 2157 1859; baseline 0.004 -18"><span class='ocrx_word' id='word_1_133' title='bbox 247 1815 480 1855; x_wconf 87' lang='lat' dir='ltr'>procare</span> <span class='ocrx_word' id='word_1_134' title='bbox 515 1804 593 1854; x_wconf 87' lang='lat' dir='ltr'>pro</span> <span class='ocrx_word' id='word_1_135' title='bbox 625 1802 743 1842; x_wconf 88' lang='lat' dir='ltr'>ultro</span> <span class='ocrx_word' id='word_1_136' title='bbox 776 1803 982 1854; x_wconf 85' lang='lat' dir='ltr'>citroque</span> <span class='ocrx_word' id='word_1_137' title='bbox 1016 1816 1204 1855; x_wconf 75' lang='lat' dir='ltr'>poscere</span> <span class='ocrx_word' id='word_1_138' title='bbox 1237 1804 1308 1843; x_wconf 79' lang='lat' dir='ltr'>usi</span> <span class='ocrx_word' id='word_1_139' title='bbox 1340 1809 1445 1844; x_wconf 86' lang='lat' dir='ltr'>sunt</span> <span class='ocrx_word' id='word_1_140' title='bbox 1476 1805 1676 1857; x_wconf 80' lang='lat' dir='ltr'>antiqui,</span> <span class='ocrx_word' id='word_1_141' title='bbox 1717 1807 1826 1858; x_wconf 89' lang='lat' dir='ltr'>quia</span> <span class='ocrx_word' id='word_1_142' title='bbox 1866 1821 2054 1859; x_wconf 79' lang='lat' dir='ltr'>procare</span> <span class='ocrx_word' id='word_1_143' title='bbox 2088 1815 2157 1849; x_wconf 83' lang='lat' dir='ltr'>est</span> 
     </span>
     <span class='ocr_line' id='line_1_21' title="bbox 248 1858 2155 1916; baseline 0.003 -18"><span class='ocrx_word' id='word_1_144' title='bbox 248 1862 475 1911; x_wconf 85' lang='lat' dir='ltr'>poscere.’</span> <span class='ocrx_word' id='word_1_145' title='bbox 529 1858 700 1898; x_wconf 84' lang='lat' dir='ltr'>Paulus</span> <span class='ocrx_word' id='word_1_146' title='bbox 732 1873 773 1911; x_wconf 91' lang='lat' dir='ltr'>p.</span> <span class='ocrx_word' id='word_1_147' title='bbox 807 1861 890 1899; x_wconf 80' lang='lat'>275</span> <span class='ocrx_word' id='word_1_148' title='bbox 922 1861 981 1901; x_wconf 90' lang='grc' dir='ltr'>Μ.</span> <span class='ocrx_word' id='word_1_149' title='bbox 1023 1862 1414 1912; x_wconf 85' lang='lat' dir='ltr'>‘reciprocare</span> <span class='ocrx_word' id='word_1_150' title='bbox 1457 1875 1536 1913; x_wconf 91' lang='lat' dir='ltr'>pro</span> <span class='ocrx_word' id='word_1_151' title='bbox 1577 1862 1695 1902; x_wconf 87' lang='lat' dir='ltr'>ultro</span> <span class='ocrx_word' id='word_1_152' title='bbox 1728 1863 1932 1916; x_wconf 87' lang='lat' dir='ltr'>citroque</span> <span class='ocrx_word' id='word_1_153' title='bbox 1967 1878 2155 1916; x_wconf 80' lang='lat' dir='ltr'>poscere</span> 
     </span>
    </p>

    <p class='ocr_par' dir='ltr' id='par_1_7' title="bbox 240 1916 2155 2540">
     <span class='ocr_line' id='line_1_22' title="bbox 283 1916 2155 1969; baseline 0.004 -15"><span class='ocrx_word' id='word_1_154' title='bbox 283 1945 319 1955; x_wconf 91' lang='lat'>..</span> <span class='ocrx_word' id='word_1_155' title='bbox 359 1928 546 1968; x_wconf 82' lang='lat' dir='ltr'>procare</span> <span class='ocrx_word' id='word_1_156' title='bbox 579 1920 650 1956; x_wconf 84' lang='lat' dir='ltr'>est</span> <span class='ocrx_word' id='word_1_157' title='bbox 683 1928 893 1967; x_wconf 72' lang='lat' dir='ltr'>posceret</span> <span class='ocrx_word' id='word_1_158' title='bbox 929 1916 1065 1956; x_wconf 85' lang='lat' dir='ltr'>unde</span> <span class='ocrx_word' id='word_1_159' title='bbox 1098 1929 1233 1968; x_wconf 85' lang='lat' dir='ltr'>eque</span> <span class='ocrx_word' id='word_1_160' title='bbox 1267 1918 1492 1969; x_wconf 81' lang='lat' dir='ltr'>gremiis</span> <span class='ocrx_word' id='word_1_161' title='bbox 1527 1932 1560 1959; x_wconf 84' lang='lat' dir='ltr'>s.</span> <span class='ocrx_word' id='word_1_162' title='bbox 1595 1923 1655 1962; x_wconf 84' lang='lat' dir='ltr'>a.&#39;</span> <span class='ocrx_word' id='word_1_163' title='bbox 1774 1920 1853 1958; x_wconf 85' lang='lat' dir='ltr'>XV</span> <span class='ocrx_word' id='word_1_164' title='bbox 1887 1922 2075 1962; x_wconf 70' lang='lat' dir='ltr'>Seruius</span> <span class='ocrx_word' id='word_1_165' title='bbox 2109 1926 2155 1962; x_wconf 93' lang='lat' dir='ltr'>in</span> 
     </span>
     <span class='ocr_line' id='line_1_23' title="bbox 244 1970 2151 2032; baseline 0.004 -21"><span class='ocrx_word' id='word_1_166' title='bbox 244 1972 356 2011; x_wconf 86' lang='lat' dir='ltr'>Aen.</span> <span class='ocrx_word' id='word_1_167' title='bbox 390 1972 410 2011; x_wconf 97' lang='lat' dir='ltr'>I</span> <span class='ocrx_word' id='word_1_168' title='bbox 443 1973 495 2012; x_wconf 81' lang='lat'>87</span> <span class='ocrx_word' id='word_1_169' title='bbox 529 1971 809 2024; x_wconf 80' lang='lat' dir='ltr'>‘stridorque</span> <span class='ocrx_word' id='word_1_170' title='bbox 850 1970 1102 2024; x_wconf 85' lang='lat' dir='ltr'>rudentum]</span> <span class='ocrx_word' id='word_1_171' title='bbox 1146 1975 1350 2026; x_wconf 86' lang='lat' dir='ltr'>proprie,</span> <span class='ocrx_word' id='word_1_172' title='bbox 1394 1987 1497 2014; x_wconf 86' lang='lat' dir='ltr'>nam</span> <span class='ocrx_word' id='word_1_173' title='bbox 1538 1976 1584 2014; x_wconf 90' lang='lat' dir='ltr'>in</span> <span class='ocrx_word' id='word_1_174' title='bbox 1625 1976 1812 2016; x_wconf 83' lang='lat' dir='ltr'>funibus</span> <span class='ocrx_word' id='word_1_175' title='bbox 1856 1977 2025 2017; x_wconf 84' lang='lat' dir='ltr'>stridor</span> <span class='ocrx_word' id='word_1_176' title='bbox 2067 1983 2151 2032; x_wconf 87' lang='lat' dir='ltr'>est,</span> 
     </span>
     <span class='ocr_line' id='line_1_24' title="bbox 245 2028 2154 2082; baseline 0.004 -15"><span class='ocrx_word' id='word_1_177' title='bbox 245 2028 412 2068; x_wconf 88' lang='lat' dir='ltr'>stridor</span> <span class='ocrx_word' id='word_1_178' title='bbox 453 2031 522 2068; x_wconf 83' lang='lat' dir='ltr'>est</span> <span class='ocrx_word' id='word_1_179' title='bbox 560 2028 736 2071; x_wconf 84' lang='lat' dir='ltr'>sibilus,</span> <span class='ocrx_word' id='word_1_180' title='bbox 799 2028 1030 2069; x_wconf 84' lang='lat' dir='ltr'>Pacuuius</span> <span class='ocrx_word' id='word_1_181' title='bbox 1070 2031 1115 2068; x_wconf 91' lang='lat' dir='ltr'>in</span> <span class='ocrx_word' id='word_1_182' title='bbox 1148 2032 1353 2070; x_wconf 79' lang='lat' dir='ltr'>Teucro:</span> <span class='ocrx_word' id='word_1_183' title='bbox 1391 2037 1792 2072; x_wconf 78' lang='lat' dir='ltr'>armamentum</span> <span class='ocrx_word' id='word_1_184' title='bbox 1834 2034 2064 2082; x_wconf 87' lang='lat' dir='ltr'>stridor,</span> <span class='ocrx_word' id='word_1_185' title='bbox 2109 2043 2154 2077; x_wconf 91' lang='lat' dir='ltr'>et</span> 
     </span>
     <span class='ocr_line' id='line_1_25' title="bbox 245 2084 2148 2144; baseline 0.005 -20"><span class='ocrx_word' id='word_1_186' title='bbox 245 2085 542 2124; x_wconf 84' lang='lat' dir='ltr'>rudentum</span> <span class='ocrx_word' id='word_1_187' title='bbox 583 2084 830 2126; x_wconf 88' lang='lat' dir='ltr'>sibilus.’</span> <span class='ocrx_word' id='word_1_188' title='bbox 884 2087 1028 2125; x_wconf 90' lang='lat' dir='ltr'>Varro</span> <span class='ocrx_word' id='word_1_189' title='bbox 1061 2086 1115 2125; x_wconf 85' lang='lat' dir='ltr'>de</span> <span class='ocrx_word' id='word_1_190' title='bbox 1148 2086 1175 2125; x_wconf 91' lang='lat' dir='ltr'>l.</span> <span class='ocrx_word' id='word_1_191' title='bbox 1210 2088 1261 2126; x_wconf 92' lang='lat' dir='ltr'>L.</span> <span class='ocrx_word' id='word_1_192' title='bbox 1294 2088 1330 2126; x_wconf 90' lang='lat' dir='ltr'>V</span> <span class='ocrx_word' id='word_1_193' title='bbox 1364 2089 1387 2126; x_wconf 85' lang='lat'><strong>7</strong></span> <span class='ocrx_word' id='word_1_194' title='bbox 1420 2088 1477 2129; x_wconf 86' lang='lat' dir='ltr'>M.</span> <span class='ocrx_word' id='word_1_195' title='bbox 1513 2090 1908 2140; x_wconf 86' lang='lat' dir='ltr'>‘quemadmodum</span> <span class='ocrx_word' id='word_1_196' title='bbox 1941 2092 2148 2144; x_wconf 80' lang='lat' dir='ltr'>quodque</span> 
     </span>
     <span class='ocr_line' id='line_1_26' title="bbox 244 2140 2152 2200; baseline 0.004 -19"><span class='ocrx_word' id='word_1_197' title='bbox 244 2145 380 2194; x_wconf 87' lang='lat' dir='ltr'>poeta</span> <span class='ocrx_word' id='word_1_198' title='bbox 424 2140 604 2180; x_wconf 78' lang='lat' dir='ltr'>finxerit</span> <span class='ocrx_word' id='word_1_199' title='bbox 648 2141 859 2188; x_wconf 88' lang='lat' dir='ltr'>uerbum,</span> <span class='ocrx_word' id='word_1_200' title='bbox 909 2141 1200 2193; x_wconf 83' lang='lat' dir='ltr'>confinxerit,</span> <span class='ocrx_word' id='word_1_201' title='bbox 1249 2143 1510 2184; x_wconf 80' lang='lat' dir='ltr'>declinarit.</span> <span class='ocrx_word' id='word_1_202' title='bbox 1583 2147 1671 2185; x_wconf 87' lang='lat' dir='ltr'>Hic</span> <span class='ocrx_word' id='word_1_203' title='bbox 1718 2147 1915 2186; x_wconf 85' lang='lat' dir='ltr'>Pacui’</span> <span class='ocrx_word' id='word_1_204' title='bbox 1965 2148 2152 2200; x_wconf 86' lang='lat' dir='ltr'>(parui</span> 
     </span>
     <span class='ocr_line' id='line_1_27' title="bbox 242 2197 2151 2256; baseline 0.004 -19"><span class='ocrx_word' id='word_1_205' title='bbox 242 2197 386 2248; x_wconf 79' lang='lat' dir='ltr'>Flor.)</span> <span class='ocrx_word' id='word_1_206' title='bbox 440 2197 763 2237; x_wconf 72' lang='lat' dir='ltr'>‘rudentum</span> <span class='ocrx_word' id='word_1_207' title='bbox 796 2198 1036 2238; x_wconf 62' lang='lat' dir='ltr'>sibilus)</span> <span class='ocrx_word' id='word_1_208' title='bbox 1090 2199 1272 2239; x_wconf 81' lang='lat' dir='ltr'>Seruius</span> <span class='ocrx_word' id='word_1_209' title='bbox 1304 2199 1351 2239; x_wconf 90' lang='lat' dir='ltr'>in</span> <span class='ocrx_word' id='word_1_210' title='bbox 1382 2201 1492 2242; x_wconf 88' lang='lat' dir='ltr'>Aen.</span> <span class='ocrx_word' id='word_1_211' title='bbox 1522 2201 1586 2240; x_wconf 80' lang='lat' dir='ltr'>IX</span> <span class='ocrx_word' id='word_1_212' title='bbox 1620 2203 1700 2241; x_wconf 76' lang='lat'>667</span> <span class='ocrx_word' id='word_1_213' title='bbox 1734 2203 1934 2243; x_wconf 88' lang='lat' dir='ltr'>‘flictu</span> <span class='ocrx_word' id='word_1_214' title='bbox 1967 2218 2046 2256; x_wconf 89' lang='lat' dir='ltr'>pro</span> <span class='ocrx_word' id='word_1_215' title='bbox 2082 2207 2151 2245; x_wconf 83' lang='lat' dir='ltr'>af-</span> 
     </span>
     <span class='ocr_line' id='line_1_28' title="bbox 242 2254 2148 2311; baseline 0.004 -18"><span class='ocrx_word' id='word_1_216' title='bbox 242 2254 370 2294; x_wconf 87' lang='lat' dir='ltr'>flictu</span> <span class='ocrx_word' id='word_1_217' title='bbox 401 2254 475 2294; x_wconf 91' lang='lat' dir='ltr'>uel</span> <span class='ocrx_word' id='word_1_218' title='bbox 507 2255 703 2305; x_wconf 71' lang='lat' dir='ltr'>inflictu,</span> <span class='ocrx_word' id='word_1_219' title='bbox 737 2255 767 2294; x_wconf 94' lang='lat' dir='ltr'>i.</span> <span class='ocrx_word' id='word_1_220' title='bbox 804 2268 841 2294; x_wconf 90' lang='lat' dir='ltr'>e.</span> <span class='ocrx_word' id='word_1_221' title='bbox 874 2256 968 2294; x_wconf 88' lang='lat' dir='ltr'>ictu</span> <span class='ocrx_word' id='word_1_222' title='bbox 1006 2286 1013 2293; x_wconf 93' lang='lat'>.</span> <span class='ocrx_word' id='word_1_223' title='bbox 1042 2287 1049 2294; x_wconf 89' lang='lat'>.</span> <span class='ocrx_word' id='word_1_224' title='bbox 1076 2286 1084 2296; x_wconf 91' lang='lat'>.</span> <span class='ocrx_word' id='word_1_225' title='bbox 1125 2261 1170 2296; x_wconf 90' lang='lat' dir='ltr'>et</span> <span class='ocrx_word' id='word_1_226' title='bbox 1210 2255 1387 2296; x_wconf 84' lang='lat' dir='ltr'>locutus</span> <span class='ocrx_word' id='word_1_227' title='bbox 1422 2261 1491 2297; x_wconf 79' lang='lat' dir='ltr'>est</span> <span class='ocrx_word' id='word_1_228' title='bbox 1531 2258 1660 2297; x_wconf 75' lang='lat' dir='ltr'>iuxta</span> <span class='ocrx_word' id='word_1_229' title='bbox 1701 2260 1936 2311; x_wconf 85' lang='lat' dir='ltr'>antiquum</span> <span class='ocrx_word' id='word_1_230' title='bbox 1970 2274 2148 2302; x_wconf 83' lang='lat' dir='ltr'>morem.</span> 
     </span>
     <span class='ocr_line' id='line_1_29' title="bbox 241 2311 2150 2370; baseline 0.004 -20"><span class='ocrx_word' id='word_1_231' title='bbox 241 2311 525 2351; x_wconf 86' lang='lat' dir='ltr'>Pacuuius</span> <span class='ocrx_word' id='word_1_232' title='bbox 565 2313 795 2352; x_wconf 85' lang='lat' dir='ltr'>Teucro:</span> <span class='ocrx_word' id='word_1_233' title='bbox 838 2311 1040 2352; x_wconf 87' lang='lat' dir='ltr'>flictus</span> <span class='ocrx_word' id='word_1_234' title='bbox 1088 2313 1341 2352; x_wconf 81' lang='lat' dir='ltr'>nauium.&#39;</span> <span class='ocrx_word' id='word_1_235' title='bbox 1413 2313 1599 2354; x_wconf 83' lang='lat' dir='ltr'>Caelius</span> <span class='ocrx_word' id='word_1_236' title='bbox 1639 2316 1685 2354; x_wconf 91' lang='lat' dir='ltr'>in</span> <span class='ocrx_word' id='word_1_237' title='bbox 1727 2315 1963 2356; x_wconf 85' lang='lat' dir='ltr'>Ciceronis</span> <span class='ocrx_word' id='word_1_238' title='bbox 2004 2318 2150 2370; x_wconf 80' lang='lat' dir='ltr'>Epist.</span> 
     </span>
     <span class='ocr_line' id='line_1_30' title="bbox 241 2367 2147 2427; baseline 0.004 -20"><span class='ocrx_word' id='word_1_239' title='bbox 241 2368 299 2407; x_wconf 85' lang='lat' dir='ltr'>ad</span> <span class='ocrx_word' id='word_1_240' title='bbox 329 2369 454 2408; x_wconf 87' lang='lat' dir='ltr'>Fam.</span> <span class='ocrx_word' id='word_1_241' title='bbox 485 2368 593 2407; x_wconf 88' lang='lat' dir='ltr'>VIII</span> <span class='ocrx_word' id='word_1_242' title='bbox 626 2370 649 2407; x_wconf 76' lang='lat'><strong>2</strong></span> <span class='ocrx_word' id='word_1_243' title='bbox 683 2368 755 2407; x_wconf 90' lang='lat' dir='ltr'>‘in</span> <span class='ocrx_word' id='word_1_244' title='bbox 787 2367 1015 2408; x_wconf 82' lang='lat' dir='ltr'>theatrum</span> <span class='ocrx_word' id='word_1_245' title='bbox 1045 2400 1054 2409; x_wconf 91' lang='lat'>.</span> <span class='ocrx_word' id='word_1_246' title='bbox 1074 2401 1082 2408; x_wconf 94' lang='lat'>.</span> <span class='ocrx_word' id='word_1_247' title='bbox 1102 2400 1110 2408; x_wconf 87' lang='lat'>.</span> <span class='ocrx_word' id='word_1_248' title='bbox 1141 2369 1417 2410; x_wconf 73' lang='lat' dir='ltr'>Hortensius</span> <span class='ocrx_word' id='word_1_249' title='bbox 1448 2371 1628 2410; x_wconf 89' lang='lat' dir='ltr'>introiit</span> <span class='ocrx_word' id='word_1_250' title='bbox 1658 2404 1665 2410; x_wconf 94' lang='lat'>.</span> <span class='ocrx_word' id='word_1_251' title='bbox 1693 2403 1702 2412; x_wconf 90' lang='lat'>.</span> <span class='ocrx_word' id='word_1_252' title='bbox 1729 2403 1737 2412; x_wconf 95' lang='lat'>.</span> <span class='ocrx_word' id='word_1_253' title='bbox 1775 2372 1848 2411; x_wconf 77' lang='lat' dir='ltr'>liic</span> <span class='ocrx_word' id='word_1_254' title='bbox 1882 2374 1967 2413; x_wconf 88' lang='lat' dir='ltr'>tibi</span> <span class='ocrx_word' id='word_1_255' title='bbox 2002 2373 2147 2427; x_wconf 78' lang='lat'>[336]’</span> 
     </span>
     <span class='ocr_line' id='line_1_31' title="bbox 240 2423 2145 2483; baseline 0.004 -19"><span class='ocrx_word' id='word_1_256' title='bbox 240 2423 467 2464; x_wconf 86' lang='lat' dir='ltr'>Conflauit</span> <span class='ocrx_word' id='word_1_257' title='bbox 503 2424 584 2464; x_wconf 88' lang='lat' dir='ltr'>has</span> <span class='ocrx_word' id='word_1_258' title='bbox 626 2424 883 2477; x_wconf 82' lang='lat' dir='ltr'>particulas</span> <span class='ocrx_word' id='word_1_259' title='bbox 926 2426 975 2465; x_wconf 84' lang='lat' dir='ltr'>G.</span> <span class='ocrx_word' id='word_1_260' title='bbox 1015 2426 1313 2466; x_wconf 90' lang='lat' dir='ltr'>Hermannus.</span> <span class='ocrx_word' id='word_1_261' title='bbox 1376 2426 1581 2467; x_wconf 82' lang='lat' dir='ltr'>Contulit</span> <span class='ocrx_word' id='word_1_262' title='bbox 1620 2429 1845 2481; x_wconf 72' lang='lat' dir='ltr'>Hergkius</span> <span class='ocrx_word' id='word_1_263' title='bbox 1885 2429 1939 2469; x_wconf 84' lang='lat' dir='ltr'>de</span> <span class='ocrx_word' id='word_1_264' title='bbox 1984 2432 2145 2483; x_wconf 80' lang='lat' dir='ltr'>fragm.</span> 
     </span>
     <span class='ocr_line' id='line_1_32' title="bbox 241 2481 2148 2540; baseline 0.004 -19"><span class='ocrx_word' id='word_1_265' title='bbox 241 2481 376 2533; x_wconf 82' lang='lat' dir='ltr'>Soph.</span> <span class='ocrx_word' id='word_1_266' title='bbox 411 2495 434 2521; x_wconf 93' lang='lat' dir='ltr'>e</span> <span class='ocrx_word' id='word_1_267' title='bbox 467 2481 707 2534; x_wconf 76' lang='lat' dir='ltr'>Sophoclis</span> <span class='ocrx_word' id='word_1_268' title='bbox 737 2482 913 2522; x_wconf 86' lang='lat' dir='ltr'>Teucro</span> <span class='ocrx_word' id='word_1_269' title='bbox 951 2482 1003 2525; x_wconf 91' lang='lat' dir='ltr'>fr.</span> <span class='ocrx_word' id='word_1_270' title='bbox 1035 2484 1116 2523; x_wconf 84' lang='lat'>517</span> <span class='ocrx_word' id='word_1_271' title='bbox 1149 2482 1202 2521; x_wconf 92' lang='lat' dir='ltr'>N.</span> <span class='ocrx_word' id='word_1_272' title='bbox 1350 2484 1457 2524; x_wconf 89' lang='lat' dir='ltr'>XVI</span> <span class='ocrx_word' id='word_1_273' title='bbox 1488 2484 1601 2526; x_wconf 92' lang='lat' dir='ltr'>Non.</span> <span class='ocrx_word' id='word_1_274' title='bbox 1636 2487 1739 2536; x_wconf 80' lang='lat'>506,</span> <span class='ocrx_word' id='word_1_275' title='bbox 1773 2487 1825 2524; x_wconf 75' lang='lat'>26</span> <span class='ocrx_word' id='word_1_276' title='bbox 1866 2490 1969 2526; x_wconf 87' lang='lat' dir='ltr'>‘am</span> <span class='ocrx_word' id='word_1_277' title='bbox 1985 2488 2148 2540; x_wconf 87' lang='lat' dir='ltr'>plant</span> 
     </span>
    </p>
   </div>
   <div class='ocr_carea' id='block_1_7' title="bbox 451 2564 575 2568">
    <p class='ocr_par' dir='ltr' id='par_1_8' title="bbox 451 2564 575 2568">
     <span class='ocr_line' id='line_1_33' title="bbox 451 2564 575 2568; baseline 0 0"><span class='ocrx_word' id='word_1_278' title='bbox 451 2564 575 2568; x_wconf 95' lang='lat' dir='ltr'> </span> 
     </span>
    </p>
   </div>
   <div class='ocr_carea' id='block_1_8' title="bbox 243 2562 441 2569">
    <p class='ocr_par' dir='ltr' id='par_1_9' title="bbox 243 2562 441 2569">
     <span class='ocr_line' id='line_1_34' title="bbox 243 2562 441 2569; baseline 0 0"><span class='ocrx_word' id='word_1_279' title='bbox 243 2562 441 2569; x_wconf 95' lang='lat' dir='ltr'> </span> 
     </span>
    </p>
   </div>
   <div class='ocr_carea' id='block_1_9' title="bbox 232 2600 2144 3651">
    <p class='ocr_par' dir='ltr' id='par_1_10' title="bbox 232 2600 2144 3651">
     <span class='ocr_line' id='line_1_35' title="bbox 380 2600 2144 2667; baseline 0.005 -22"><span class='ocrx_word' id='word_1_280' title='bbox 380 2601 476 2647; x_wconf 86' lang='grc'>331</span> <span class='ocrx_word' id='word_1_281' title='bbox 519 2602 708 2660; x_wconf 83' lang='lat' dir='ltr'>imperat</span> <span class='ocrx_word' id='word_1_282' title='bbox 733 2600 992 2647; x_wconf 81' lang='lat' dir='ltr'>Mercerus</span> <span class='ocrx_word' id='word_1_283' title='bbox 1026 2603 1234 2661; x_wconf 74' lang='lat' dir='ltr'>impetrat</span> <span class='ocrx_word' id='word_1_284' title='bbox 1259 2604 1371 2648; x_wconf 88' lang='lat' dir='ltr'>libri</span> <span class='ocrx_word' id='word_1_285' title='bbox 1478 2603 1578 2649; x_wconf 76' lang='lat'>332</span> <span class='ocrx_word' id='word_1_286' title='bbox 1607 2605 1861 2650; x_wconf 82' lang='lat' dir='ltr'>Thessalam</span> <span class='ocrx_word' id='word_1_287' title='bbox 1891 2609 1961 2652; x_wconf 78' lang='lat' dir='ltr'>ecl.</span> <span class='ocrx_word' id='word_1_288' title='bbox 1993 2608 2144 2667; x_wconf 72' lang='lat'>1526,</span> 
     </span>
     <span class='ocr_line' id='line_1_36' title="bbox 238 2673 2143 2736; baseline 0.003 -18"><span class='ocrx_word' id='word_1_289' title='bbox 238 2673 550 2718; x_wconf 82' lang='lat' dir='ltr'>Hermannus</span> <span class='ocrx_word' id='word_1_290' title='bbox 656 2673 849 2716; x_wconf 85' lang='lat' dir='ltr'>nauitam</span> <span class='ocrx_word' id='word_1_291' title='bbox 892 2673 1048 2718; x_wconf 88' lang='lat' dir='ltr'>Vrbin.</span> <span class='ocrx_word' id='word_1_292' title='bbox 1080 2673 1180 2719; x_wconf 78' lang='lat'>308</span> <span class='ocrx_word' id='word_1_293' title='bbox 1299 2673 1398 2720; x_wconf 87' lang='lat'>333</span> <span class='ocrx_word' id='word_1_294' title='bbox 1437 2677 1506 2719; x_wconf 79' lang='lat' dir='ltr'>sic</span> <span class='ocrx_word' id='word_1_295' title='bbox 1533 2675 1826 2721; x_wconf 78' lang='lat' dir='ltr'>Bueelzelere‘</span> <span class='ocrx_word' id='word_1_296' title='bbox 1858 2682 2036 2736; x_wconf 79' lang='lat' dir='ltr'>partim</span> <span class='ocrx_word' id='word_1_297' title='bbox 2075 2684 2143 2725; x_wconf 91' lang='lat' dir='ltr'>in-</span> 
     </span>
     <span class='ocr_line' id='line_1_37' title="bbox 234 2742 2143 2806; baseline 0.004 -19"><span class='ocrx_word' id='word_1_298' title='bbox 234 2747 370 2802; x_wconf 72' lang='lat' dir='ltr'>yem&#39;o</span> <span class='ocrx_word' id='word_1_299' title='bbox 410 2745 601 2788; x_wconf 79' lang='lat' dir='ltr'>adiutus</span> <span class='ocrx_word' id='word_1_300' title='bbox 640 2742 833 2801; x_wconf 76' lang='lat' dir='ltr'>effinxi.</span> <span class='ocrx_word' id='word_1_301' title='bbox 883 2743 1037 2803; x_wconf 85' lang='lat' dir='ltr'>rapido</span> <span class='ocrx_word' id='word_1_302' title='bbox 1076 2744 1308 2803; x_wconf 79' lang='lat' dir='ltr'>reciproco</span> <span class='ocrx_word' id='word_1_303' title='bbox 1348 2746 1521 2804; x_wconf 87' lang='lat' dir='ltr'>percito</span> <span class='ocrx_word' id='word_1_304' title='bbox 1560 2755 1754 2806; x_wconf 89' lang='lat' dir='ltr'>augusto</span> <span class='ocrx_word' id='word_1_305' title='bbox 1802 2749 1939 2794; x_wconf 86' lang='lat' dir='ltr'>citare</span> <span class='ocrx_word' id='word_1_306' title='bbox 1978 2757 2143 2795; x_wconf 78' lang='lat' dir='ltr'>rectem</span> 
     </span>
     <span class='ocr_line' id='line_1_38' title="bbox 235 2813 2142 2877; baseline 0.004 -19"><span class='ocrx_word' id='word_1_307' title='bbox 235 2816 337 2859; x_wconf 81' lang='lat' dir='ltr'>cod.</span> <span class='ocrx_word' id='word_1_308' title='bbox 380 2813 528 2873; x_wconf 81' lang='lat' dir='ltr'>rapide</span> <span class='ocrx_word' id='word_1_309' title='bbox 557 2814 768 2872; x_wconf 86' lang='lat' dir='ltr'>percitam</span> <span class='ocrx_word' id='word_1_310' title='bbox 796 2820 945 2858; x_wconf 88' lang='lat' dir='ltr'>aestus</span> <span class='ocrx_word' id='word_1_311' title='bbox 974 2816 1116 2859; x_wconf 85' lang='lat' dir='ltr'>ociter</span> <span class='ocrx_word' id='word_1_312' title='bbox 1153 2820 1292 2859; x_wconf 84' lang='lat' dir='ltr'>ratem</span> <span class='ocrx_word' id='word_1_313' title='bbox 1321 2817 1633 2862; x_wconf 79' lang='lat' dir='ltr'>Hcrmccnnns</span> <span class='ocrx_word' id='word_1_314' title='bbox 1672 2818 1824 2877; x_wconf 81' lang='lat' dir='ltr'>rapido</span> <span class='ocrx_word' id='word_1_315' title='bbox 1863 2819 1980 2864; x_wconf 90' lang='lat' dir='ltr'>ultro</span> <span class='ocrx_word' id='word_1_316' title='bbox 2007 2822 2142 2866; x_wconf 87' lang='lat' dir='ltr'>citro-</span> 
     </span>
     <span class='ocr_line' id='line_1_39' title="bbox 237 2884 2140 2951; baseline 0.004 -23"><span class='ocrx_word' id='word_1_317' title='bbox 237 2898 323 2944; x_wconf 87' lang='lat' dir='ltr'>que</span> <span class='ocrx_word' id='word_1_318' title='bbox 362 2885 555 2943; x_wconf 80' lang='lat' dir='ltr'>percitae</span> <span class='ocrx_word' id='word_1_319' title='bbox 583 2890 709 2928; x_wconf 84' lang='lat' dir='ltr'>aestu</span> <span class='ocrx_word' id='word_1_320' title='bbox 748 2884 841 2942; x_wconf 82' lang='lat' dir='ltr'>(uel</span> <span class='ocrx_word' id='word_1_321' title='bbox 869 2884 1040 2943; x_wconf 86' lang='lat' dir='ltr'>austro)</span> <span class='ocrx_word' id='word_1_322' title='bbox 1080 2887 1366 2945; x_wconf 84' lang='lat' dir='ltr'>praeeipitem</span> <span class='ocrx_word' id='word_1_323' title='bbox 1393 2894 1531 2931; x_wconf 84' lang='lat' dir='ltr'>ratem</span> <span class='ocrx_word' id='word_1_324' title='bbox 1565 2888 1905 2934; x_wconf 75' lang='lat' dir='ltr'>Buechelerus.</span> <span class='ocrx_word' id='word_1_325' title='bbox 1945 2899 2140 2951; x_wconf 83' lang='lat' dir='ltr'>angusto</span> 
     </span>
     <span class='ocr_line' id='line_1_40' title="bbox 237 2955 2139 3021; baseline 0.005 -23"><span class='ocrx_word' id='word_1_326' title='bbox 237 2956 279 2998; x_wconf 83' lang='lat' dir='ltr'>in</span> <span class='ocrx_word' id='word_1_327' title='bbox 321 2955 455 2999; x_wconf 85' lang='lat' dir='ltr'>marei</span> <span class='ocrx_word' id='word_1_328' title='bbox 491 2961 631 2999; x_wconf 87' lang='lat' dir='ltr'>ratem</span> <span class='ocrx_word' id='word_1_329' title='bbox 671 2959 849 3001; x_wconf 65' lang='lat' dir='ltr'>emitum</span> <span class='ocrx_word' id='word_1_330' title='bbox 888 2969 1024 3015; x_wconf 80' lang='lat' dir='ltr'>quem</span> <span class='ocrx_word' id='word_1_331' title='bbox 1061 2957 1279 3001; x_wconf 78' lang='lat' dir='ltr'>ludebam</span> <span class='ocrx_word' id='word_1_332' title='bbox 1328 2973 1417 3002; x_wconf 86' lang='lat' dir='ltr'>non</span> <span class='ocrx_word' id='word_1_333' title='bbox 1461 2961 1902 3021; x_wconf 80' lang='lat' dir='ltr'>commenclauerim.</span> <span class='ocrx_word' id='word_1_334' title='bbox 2039 2962 2139 3007; x_wconf 81' lang='lat'>334</span> 
     </span>
     <span class='ocr_line' id='line_1_41' title="bbox 235 3026 2139 3091; baseline 0.005 -23"><span class='ocrx_word' id='word_1_335' title='bbox 235 3026 513 3084; x_wconf 84' lang='lat' dir='ltr'>reciprocare</span> <span class='ocrx_word' id='word_1_336' title='bbox 550 3028 652 3071; x_wconf 84' lang='lat' dir='ltr'>scil.</span> <span class='ocrx_word' id='word_1_337' title='bbox 694 3030 826 3072; x_wconf 83' lang='lat' dir='ltr'>uenti</span> <span class='ocrx_word' id='word_1_338' title='bbox 933 3026 1165 3086; x_wconf 84' lang='lat' dir='ltr'>undaeque</span> <span class='ocrx_word' id='word_1_339' title='bbox 1204 3041 1227 3071; x_wconf 93' lang='lat' dir='ltr'>e</span> <span class='ocrx_word' id='word_1_340' title='bbox 1266 3029 1446 3087; x_wconf 80' lang='lat' dir='ltr'>gremiis</span> <span class='ocrx_word' id='word_1_341' title='bbox 1485 3028 1734 3074; x_wconf 80' lang='lat' dir='ltr'>subiectare</span> <span class='ocrx_word' id='word_1_342' title='bbox 1773 3030 1986 3091; x_wconf 81' lang='lat' dir='ltr'>adfligere</span> <span class='ocrx_word' id='word_1_343' title='bbox 2014 3034 2139 3078; x_wconf 83' lang='lat' dir='ltr'>Her-</span> 
     </span>
     <span class='ocr_line' id='line_1_42' title="bbox 235 3095 2137 3162; baseline 0.005 -23"><span class='ocrx_word' id='word_1_344' title='bbox 235 3109 440 3141; x_wconf 81' lang='lat' dir='ltr'>mannus</span> <span class='ocrx_word' id='word_1_345' title='bbox 479 3095 603 3140; x_wconf 78' lang='lat' dir='ltr'>unde·</span> <span class='ocrx_word' id='word_1_346' title='bbox 635 3110 749 3155; x_wconf 88' lang='lat' dir='ltr'>eque</span> <span class='ocrx_word' id='word_1_347' title='bbox 787 3098 967 3157; x_wconf 81' lang='lat' dir='ltr'>gremiis</span> <span class='ocrx_word' id='word_1_348' title='bbox 1015 3096 1263 3142; x_wconf 81' lang='lat' dir='ltr'>subiectare</span> <span class='ocrx_word' id='word_1_349' title='bbox 1310 3097 1506 3158; x_wconf 84' lang='lat' dir='ltr'>adfigere</span> <span class='ocrx_word' id='word_1_350' title='bbox 1545 3102 1646 3145; x_wconf 82' lang='lat' dir='ltr'>cod.</span> <span class='ocrx_word' id='word_1_351' title='bbox 1688 3103 1823 3146; x_wconf 81' lang='lat' dir='ltr'>Festi</span> <span class='ocrx_word' id='word_1_352' title='bbox 1860 3102 1976 3147; x_wconf 86' lang='lat' dir='ltr'>unde</span> <span class='ocrx_word' id='word_1_353' title='bbox 2024 3118 2137 3162; x_wconf 84' lang='lat' dir='ltr'>eque</span> 
     </span>
     <span class='ocr_line' id='line_1_43' title="bbox 233 3165 2135 3230; baseline 0.005 -21"><span class='ocrx_word' id='word_1_354' title='bbox 233 3167 415 3226; x_wconf 85' lang='lat' dir='ltr'>gremiis</span> <span class='ocrx_word' id='word_1_355' title='bbox 453 3165 703 3212; x_wconf 86' lang='lat' dir='ltr'>sublectare</span> <span class='ocrx_word' id='word_1_356' title='bbox 742 3181 794 3212; x_wconf 85' lang='lat' dir='ltr'>ac</span> <span class='ocrx_word' id='word_1_357' title='bbox 821 3166 959 3227; x_wconf 85' lang='lat' dir='ltr'>ligere</span> <span class='ocrx_word' id='word_1_358' title='bbox 987 3169 1173 3213; x_wconf 81' lang='lat' dir='ltr'>Paulus</span> <span class='ocrx_word' id='word_1_359' title='bbox 1213 3168 1352 3213; x_wconf 80' lang='lat' dir='ltr'>undae</span> <span class='ocrx_word' id='word_1_360' title='bbox 1391 3183 1503 3229; x_wconf 89' lang='lat' dir='ltr'>eque</span> <span class='ocrx_word' id='word_1_361' title='bbox 1542 3172 1722 3230; x_wconf 86' lang='lat' dir='ltr'>gremiis</span> <span class='ocrx_word' id='word_1_362' title='bbox 1761 3186 1798 3217; x_wconf 89' lang='lat' dir='ltr'>s.</span> <span class='ocrx_word' id='word_1_363' title='bbox 1841 3187 1878 3215; x_wconf 85' lang='lat' dir='ltr'>a.</span> <span class='ocrx_word' id='word_1_364' title='bbox 1918 3175 2135 3218; x_wconf 76' lang='lat' dir='ltr'>Bueche-</span> 
     </span>
     <span class='ocr_line' id='line_1_44' title="bbox 233 3237 2134 3300; baseline 0.003 -19"><span class='ocrx_word' id='word_1_365' title='bbox 233 3239 366 3282; x_wconf 83' lang='lat' dir='ltr'>lerus</span> <span class='ocrx_word' id='word_1_366' title='bbox 403 3237 591 3281; x_wconf 75' lang='lat' dir='ltr'>harenas</span> <span class='ocrx_word' id='word_1_367' title='bbox 618 3239 916 3298; x_wconf 70' lang='lat' dir='ltr'>intelleqens,</span> <span class='ocrx_word' id='word_1_368' title='bbox 958 3241 1043 3283; x_wconf 80' lang='lat' dir='ltr'>secl</span> <span class='ocrx_word' id='word_1_369' title='bbox 1076 3246 1216 3283; x_wconf 85' lang='lat' dir='ltr'>ratem</span> <span class='ocrx_word' id='word_1_370' title='bbox 1256 3241 1349 3284; x_wconf 79' lang='lat' dir='ltr'>lzzcc</span> <span class='ocrx_word' id='word_1_371' title='bbox 1375 3254 1559 3299; x_wconf 78' lang='lat' dir='ltr'>quoque</span> <span class='ocrx_word' id='word_1_372' title='bbox 1582 3246 1804 3300; x_wconf 79' lang='lat' dir='ltr'>pertinet.</span> <span class='ocrx_word' id='word_1_373' title='bbox 1923 3244 2021 3288; x_wconf 83' lang='lat'>336</span> <span class='ocrx_word' id='word_1_374' title='bbox 2063 3259 2134 3287; x_wconf 87' lang='lat' dir='ltr'>ru-</span> 
     </span>
     <span class='ocr_line' id='line_1_45' title="bbox 233 3305 2133 3370; baseline 0.004 -20"><span class='ocrx_word' id='word_1_375' title='bbox 233 3305 511 3351; x_wconf 87' lang='lat' dir='ltr'>dentisihilus</span> <span class='ocrx_word' id='word_1_376' title='bbox 555 3308 784 3354; x_wconf 79' lang='lat' dir='ltr'>Varronis</span> <span class='ocrx_word' id='word_1_377' title='bbox 812 3309 944 3354; x_wconf 83' lang='lat' dir='ltr'>Gotlz.</span> <span class='ocrx_word' id='word_1_378' title='bbox 985 3324 1043 3353; x_wconf 90' lang='lat' dir='ltr'>m.</span> <span class='ocrx_word' id='word_1_379' title='bbox 1081 3311 1162 3354; x_wconf 80' lang='lat' dir='ltr'>ctlt.</span> <span class='ocrx_word' id='word_1_380' title='bbox 1204 3313 1251 3354; x_wconf 87' lang='lat' dir='ltr'>in</span> <span class='ocrx_word' id='word_1_381' title='bbox 1286 3324 1390 3370; x_wconf 65' lang='lat' dir='ltr'>my„</span> <span class='ocrx_word' id='word_1_382' title='bbox 1423 3311 1631 3357; x_wconf 77' lang='lat' dir='ltr'>Crinitus</span> <span class='ocrx_word' id='word_1_383' title='bbox 1668 3312 1823 3357; x_wconf 87' lang='lat' dir='ltr'>rudem</span> <span class='ocrx_word' id='word_1_384' title='bbox 1864 3320 1954 3357; x_wconf 87' lang='lat' dir='ltr'>tum</span> <span class='ocrx_word' id='word_1_385' title='bbox 1993 3313 2133 3357; x_wconf 82' lang='lat' dir='ltr'>sibilis</span> 
     </span>
     <span class='ocr_line' id='line_1_46' title="bbox 235 3375 2130 3440; baseline 0.004 -19"><span class='ocrx_word' id='word_1_386' title='bbox 235 3375 476 3422; x_wconf 82' lang='lat' dir='ltr'>Ciceronis</span> <span class='ocrx_word' id='word_1_387' title='bbox 509 3378 635 3423; x_wconf 79' lang='lat' dir='ltr'>Med.</span> <span class='ocrx_word' id='word_1_388' title='bbox 781 3379 1075 3425; x_wconf 83' lang='lat'><strong>337—339</strong></span> <span class='ocrx_word' id='word_1_389' title='bbox 1118 3380 1390 3426; x_wconf 71' lang='lat' dir='ltr'>Trockaeos</span> <span class='ocrx_word' id='word_1_390' title='bbox 1429 3395 1535 3426; x_wconf 81' lang='lat' dir='ltr'>cum</span> <span class='ocrx_word' id='word_1_391' title='bbox 1574 3383 1745 3427; x_wconf 78' lang='lat' dir='ltr'>Bothio</span> <span class='ocrx_word' id='word_1_392' title='bbox 1788 3384 1963 3440; x_wconf 75' lang='lat' dir='ltr'>probat</span> <span class='ocrx_word' id='word_1_393' title='bbox 2003 3384 2130 3428; x_wconf 80' lang='lat' dir='ltr'>Bue-</span> 
     </span>
     <span class='ocr_line' id='line_1_47' title="bbox 235 3446 2131 3511; baseline 0.005 -21"><span class='ocrx_word' id='word_1_394' title='bbox 235 3446 454 3492; x_wconf 77' lang='lat' dir='ltr'>chelerus</span> <span class='ocrx_word' id='word_1_395' title='bbox 600 3447 674 3493; x_wconf 88' lang='lat' dir='ltr'>ubi</span> <span class='ocrx_word' id='word_1_396' title='bbox 712 3449 821 3494; x_wconf 83' lang='lat' dir='ltr'>salsa</span> <span class='ocrx_word' id='word_1_397' title='bbox 857 3456 1016 3509; x_wconf 88' lang='lat' dir='ltr'>poetae</span> <span class='ocrx_word' id='word_1_398' title='bbox 1055 3450 1140 3495; x_wconf 86' lang='lat' dir='ltr'>Pro</span> <span class='ocrx_word' id='word_1_399' title='bbox 1189 3457 1316 3510; x_wconf 83' lang='lat' dir='ltr'>parte</span> <span class='ocrx_word' id='word_1_400' title='bbox 1364 3465 1444 3496; x_wconf 84' lang='lat' dir='ltr'>sua</span> <span class='ocrx_word' id='word_1_401' title='bbox 1479 3453 1791 3498; x_wconf 80' lang='lat' dir='ltr'>Hermannzcs</span> <span class='ocrx_word' id='word_1_402' title='bbox 1837 3459 2131 3511; x_wconf 79' lang='lat' dir='ltr'>ccnctpaestos</span> 
     </span>
     <span class='ocr_line' id='line_1_48' title="bbox 234 3517 1983 3581; baseline 0.005 -21"><span class='ocrx_word' id='word_1_403' title='bbox 234 3529 340 3560; x_wconf 82' lang='lat' dir='ltr'>cum</span> <span class='ocrx_word' id='word_1_404' title='bbox 378 3517 539 3563; x_wconf 85' lang='lat' dir='ltr'>Grotio</span> <span class='ocrx_word' id='word_1_405' title='bbox 577 3520 817 3565; x_wconf 80' lang='lat' dir='ltr'>dimensus</span> <span class='ocrx_word' id='word_1_406' title='bbox 961 3520 1060 3566; x_wconf 81' lang='lat'>338</span> <span class='ocrx_word' id='word_1_407' title='bbox 1100 3535 1179 3564; x_wconf 81' lang='lat' dir='ltr'>sua</span> <span class='ocrx_word' id='word_1_408' title='bbox 1216 3528 1311 3566; x_wconf 85' lang='lat' dir='ltr'>arte</span> <span class='ocrx_word' id='word_1_409' title='bbox 1351 3522 1554 3568; x_wconf 75' lang='lat' dir='ltr'>Rothius</span> <span class='ocrx_word' id='word_1_410' title='bbox 1590 3537 1668 3566; x_wconf 90' lang='lat' dir='ltr'>sua</span> <span class='ocrx_word' id='word_1_411' title='bbox 1707 3528 1832 3581; x_wconf 87' lang='lat' dir='ltr'>parte</span> <span class='ocrx_word' id='word_1_412' title='bbox 1870 3524 1983 3568; x_wconf 83' lang='lat' dir='ltr'>libri</span> 
     </span>
     <span class='ocr_line' id='line_1_49' title="bbox 232 3591 1629 3651; baseline 0.006 -22"><span class='ocrx_word' id='word_1_413' title='bbox 232 3591 463 3631; x_wconf 80' lang='lat' dir='ltr'>autumant</span> <span class='ocrx_word' id='word_1_414' title='bbox 499 3591 675 3647; x_wconf 78' lang='lat' dir='ltr'>scripsi</span> <span class='ocrx_word' id='word_1_415' title='bbox 709 3596 866 3635; x_wconf 85' lang='lat' dir='ltr'>canant</span> <span class='ocrx_word' id='word_1_416' title='bbox 901 3592 1014 3636; x_wconf 81' lang='lat' dir='ltr'>libri</span> <span class='ocrx_word' id='word_1_417' title='bbox 1048 3598 1264 3651; x_wconf 80' lang='lat' dir='ltr'>aggerant</span> <span class='ocrx_word' id='word_1_418' title='bbox 1302 3593 1629 3638; x_wconf 78' lang='lat' dir='ltr'>Bzeeclzelerzts</span> 
     </span>
    </p>
   </div>
  </div>
 </body>
</html>
