2299 3803
922 221 974 263 ad
1018 247 1076 251 -—
1122 221 1312 264 aduenio

244 346 346 385 (lum
377 343 474 385 Aet.
500 347 577 385 119
611 346 666 385 ad
701 347 824 387 auris
859 349 1039 386 cantum
1071 377 1106 384 ..

241 403 384 441 refert
420 398 516 441 Att.
556 404 638 442 406
683 403 926 442 cecidisset
966 434 1012 442 ..
1059 403 1115 441 ad

243 463 412 498 terram
443 455 570 498 Eun.
602 461 684 499 206
723 460 781 498 ad
823 472 976 499 casum
1016 459 1115 499 dari

239 512 332 554 Act.
361 516 513 566 praet.
545 517 599 555 :24
630 528 769 567 seque
803 516 860 555 ad
892 516 1022 556 ludos

243 576 488 611 exerceant
510 569 621 614 Pac.
645 574 697 611 21
730 576 781 611 ut
813 572 901 611 uim
927 576 1113 612 conten-

242 628 324 668 das
358 633 482 667 tuam
515 629 573 667 ad
596 629 886 668 maiestatem
909 629 997 667 uiri
1018 627 1114 668 Att.

241 685 324 723 648
357 683 518 724 ludens
543 685 596 725 ad
623 690 805 725 cantum
830 682 940 724 Liu,
963 687 987 724 6
1022 699 1116 724 mo-

241 740 335 779 duli
366 772 374 780 .
392 773 401 781 .
435 741 492 780 ad
517 754 630 793 quos
653 741 806 781 mundi
828 745 1013 782 resonat
1043 755 1117 781 ca-

244 810 326 836 nor
365 794 471 837 Vm:
505 799 529 837 6
563 798 736 838 adfines
768 829 805 838 ..
837 798 894 837 ad
928 811 1118 838 causan—

241 854 344 893 dum
382 851 496 894 Pac.
541 856 594 894 23
636 854 746 894 dant
786 855 1024 894 consilium
1065 885 1109 894 ..

243 910 298 949 ad
330 910 623 963 uoluptatem
654 908 785 951 Emz.
819 913 900 951 407
934 912 1118 964 primor-

242 968 364 1006 dium
402 997 411 1006 .
438 998 446 1007 .
479 967 536 1006 ad
569 968 754 1020 stirpem
789 968 1117 1020 exquirendum

241 1020 353 1063 Pac.
379 1025 432 1063 52
456 1023 512 1063 ad
535 1025 902 1075 praecauendum
929 1057 937 1065 .
957 1056 965 1065 .
997 1029 1118 1064 astu-

239 1081 306 1120 tia
335 1077 448 1120 Pac.
487 1082 569 1122 358
609 1080 665 1120 ad
706 1094 834 1121 suum
877 1086 1116 1134 quaestum

242 1136 412 1176 callent
442 1134 532 1178 inc.
563 1135 653 1178 inc.
685 1135 777 1188 fab.
809 1140 889 1179 228
923 1137 1116 1191 expletis

247 1224 257 1234 .
293 1224 302 1232 .
350 1193 406 1233 ad
446 1194 714 1246 pariendum
754 1195 986 1235 mensibus
1024 1192 1113 1234 inc.

239 1248 329 1290 mc.
362 1248 453 1300 fab.
485 1252 536 1291 81
563 1251 618 1291 ad
641 1263 776 1290 unum
799 1249 889 1292 inc.
911 1249 999 1291 inc.
1025 1248 1116 1300 fab.

239 1309 320 1347 253
353 1307 411 1346 ad
444 1307 562 1347 male
588 1308 847 1348 faciendum
870 1309 998 1359 uiget
1026 1306 1116 1348 i‘nc.

244 1362 332 1406 inc.
365 1360 456 1413 fab.
484 1366 563 1404 160
595 1377 696 1405 sese
729 1369 863 1405 uruat
889 1365 944 1404 ad
976 1365 1117 1417 pedes

239 1417 367 1460 Emz.
410 1423 488 1460 102
536 1421 591 1460 ad
641 1421 819 1462 laeuam
865 1418 989 1461 Eam.
1036 1423 1117 1460 243

238 1474 335 1516 Att.
369 1478 451 1518 630
483 1476 539 1516 ad
572 1477 778 1517 dextram
800 1475 896 1518 Att.
922 1479 1002 1518 687
1037 1491 1117 1530 po-

241 1534 332 1573 sita
380 1533 437 1573 ad
477 1533 632 1573 stellas
682 1540 857 1587 septem
896 1532 994 1574 Att.
1035 1535 1117 1575 566

240 1589 298 1629 ad
338 1603 547 1630 auroram
587 1587 700 1631 Pac.
743 1594 824 1632 363
854 1589 874 1610 *
923 1591 979 1630 ad
1020 1591 1118 1631 Gli-

244 1650 421 1687 santem
451 1644 548 1687 Att.
581 1650 664 1688 305
685 1645 705 1666 ³⁸
739 1648 798 1687 ad
830 1653 875 1686 te
908 1650 986 1688 371

183 1704 421 1755 patriam..
441 1703 724 1744 adauctau
738 1706 780 1744 it
801 1701 1052 1756 Adpo-aet.
1067 1706 1118 1744 14

184 1760 520 1800 adcantitat
553 1761 733 1801 laudem
767 1758 875 1801 Lm.
910 1763 934 1801 9
957 1760 978 1781 '⁵‘

186 1816 432 1856 addecet
461 1814 589 1857 Emz.
622 1820 703 1858 257

186 1872 328 1913 adde
361 1873 446 1912 huc
476 1871 688 1919 Att.ss209
718 1872 739 1895 *
778 1873 951 1914 luctum
991 1873 1118 1913 addit

239 1929 440 1970 luctibus
489 1927 590 1974 Att.
635 1933 716 1972 352
763 1931 896 1971 flores
940 1930 1118 1970 addidit

193 2033 196 2036 Α
239 1984 329 2030 inc.
354 1984 442 2027 inc.
464 1984 555 2037 fab.
580 1989 661 2027 220
694 1988 828 2028 addis
861 1987 978 2039 quod
1001 1988 1117 2027 uitio

240 2047 310 2084 est
338 2042 437 2086 Att.
472 2046 495 2083 7
528 2044 660 2084 fletus
691 2044 899 2084 muliebri
930 2044 1115 2096 ingenio

242 2099 426 2140 additus
458 2098 571 2141 Pac.
605 2102 686 2142 269

184 2156 416 2197 adducit
446 2154 572 2197 Emt.
607 2160 687 2198 156
708 2156 728 2178 *

182 2214 393 2266 Iuppiter
436 2217 574 2266 tuque
622 2215 781 2263 adeo,
829 2227 996 2254 summe
1039 2213 1113 2254 Sol

237 2267 365 2310 Eam.
395 2271 476 2311 237
500 2271 538 2310 si
568 2301 577 2310 .
596 2301 605 2311 .
637 2273 733 2312 siue
757 2271 871 2311 adeo
893 2268 1007 2311 Pac.
1034 2273 1115 2311 300

241 2331 378 2379 atque
418 2327 534 2367 adeo
565 2325 662 2368 Att.
694 2330 776 2368 470

183 2384 241 2424 ad
273 2397 342 2424 me
376 2383 531 2424 adire
553 2381 677 2425 Emz.
702 2388 785 2426 303
817 2388 863 2425 te
886 2384 1002 2424 adiri
1025 2381 1116 2435 (uel

240 2439 460 2493 3ᾶίτίεῶ
487 2437 612 2481 Eun.
638 2444 719 2482 306
761 2446 831 2482 est
860 2440 1115 2482 adeundum

242 2497 299 2537 ad
337 2498 483 2538 uirum
513 2495 611 2538 Att.
644 2500 696 2539 77
739 2498 856 2552 quod
896 2497 1115 2550 templum

241 2553 431 2594 adeam?
463 2552 560 2595 Att.
590 2557 671 2596 232
705 2555 869 2596 classis
901 2554 997 2594 adit
1018 2551 1114 2594 Att.

239 2612 321 2652 482
343 2609 364 2630 *

184 2667 383 2707 inimicis
413 2675 604 2709 mortem
635 2673 679 2709 et
711 2668 816 2708 huic
846 2669 988 2708 uitam
1024 2668 1114 2707 ad-

243 2724 397 2764 feras
429 2722 542 2766 Pac.
573 2727 655 2766 286

184 2780 355 2820 iniuria
394 2781 477 2821 abs
509 2788 553 2821 te
593 2781 842 2822 adficior
872 2777 999 2822 Εηη.
1035 2781 1115 2819 114

240 2837 428 2877 adfecta
460 2843 532 2878 est
561 2837 836 2878 laetitudine
868 2835 966 2880 Att.
987 2839 1068 2877 259
1093 2835 1113 2857 *

184 2894 408 2934 adfines
439 2925 449 2935 .
467 2926 476 2935 .
507 2893 564 2934 ad
588 2894 869 2934 causandum
890 2891 1003 2934 Pac.
1026 2890 1111 2933 23*

239 2954 290 2990 ut
322 2963 469 2992 essem
501 2950 664 2991 adfinis
695 2951 781 2990 tibi
811 2948 908 2991 Att.
940 2951 1020 2990 502

186 3007 470 3048 adfinitas
501 3006 598 3048 Att.
630 3010 713 3049 580
950 3008 953 3011 ”

183 3062 471 3117 adfligere
523 3062 636 3105 Pac.
699 3066 780 3105 335
811 3063 830 3084 ’³‘
883 3063 1113 3103 adflictum

238 3117 334 3160 Att.
367 3123 448 3161 595

183 3176 314 3216 deum
357 3208 365 3216 .
392 3207 401 3216 .
441 3177 656 3218 adfare!
690 3175 787 3220 Att.
820 3178 899 3217 642

184 3232 463 3286 adgnatio
493 3231 589 3274 Att.
623 3237 705 3275 580
727 3234 748 3255 ³²

186 3289 601 3342 adgrauescere
633 3288 746 3331 Pac.
779 3292 832 3331 69
856 3288 876 3309 *

184 3345 358 3398 templa
389 3359 528 3399 prope
570 3347 904 3399 adgreditur
935 3350 1017 3395 (cm
1039 3343 1114 3383 ad—

242 3402 439 3453 greditor
451 3403 488 3455 Ρ)
513 3401 625 3444 Pac.
644 3405 723 3444 311
757 3402 1025 3456 adgreditur
1046 3413 1114 3439 me

240 3455 337 3497 Att.
371 3460 450 3500 199
473 3461 530 3499 ad
552 3458 940 3499 manticulandum
971 3490 979 3498 .
1001 3488 1009 3496 .
1039 3456 1116 3496 ad-

243 3515 446 3566 greditur
483 3514 596 3556 Pac.
637 3518 717 3556 377
767 3515 1016 3568 adgrediar
1064 3543 1108 3553 ..

241 3583 336 3610 rem
366 3568 480 3612 Pac.
515 3575 607 3626 378,
687 3586 690 3589 '

270 3648 457 3687 Rimmon,
484 3648 552 3679 Sea
560 3657 614 3682 en.
642 3649 779 3689 fragm.

1990 218 2091 267 aso

1165 346 1398 385 adhaesi
1430 344 1519 386 inc.
1554 345 1641 385 inc.
1675 346 1766 397 sab.
1805 349 1879 387 182

1165 403 1391 442 ominibus
1446 434 1496 441 ..
1552 404 1862 444 adhibeant
1915 406 2090 445 Fauen-

1222 461 1332 498 tiam
1366 457 1462 498 Act.
1497 461 1578 499 510

1064 547 1071 554 .
1100 547 1108 556 .
1163 516 1460 555 iuraiuranda
1493 516 1675 555 adicis
1705 514 1816 557 Pac.
1854 520 1934 557 380
1957 516 2014 568 (²³²)

1165 572 1460 612 aditauere
1492 568 1617 611 Eun.
1651 575 1733 612 394

1164 629 1352 669 aditus
1401 629 1457 667 ad
1504 632 1689 668 mortem
1737 627 1835 684 inc.=
1872 628 1958 669 ‘lucu
2000 628 2091 679 fal).

1221 688 1302 725 203
1336 686 1465 725 cuius
1503 686 1674 725 aditum
1717 691 1966 738 expectans
1997 686 2092 726 Att.

1220 744 1301 781 417
1351 746 1573 781 nocturno
1620 742 1747 781 aditu
1794 775 1802 782 .
1832 774 1840 783 .
1886 743 2094 782 coluntur

1220 796 1308 838 ἐπε.
1343 797 1431 838 ine.
1462 796 1557 848 fab.
1590 801 1640 838 71

1165 868 1189 894 a
1204 854 1554 894 diudicarier
1584 853 1673 895 inc.
1706 854 1795 896 ἰ’θίθ.
1828 853 1919 905 fab.
1955 859 2006 896 53

1165 911 1406 963 adiugat
1437 909 1549 951 Pac.
1583 914 1635 952 93
1671 914 1749 952 195

1164 967 1336 1007 auditis
1401 968 1721 1009 hostimentum
1794 969 2092 1021 adiungito

1219 1021 1344 1064 Ewn.
1371 1026 1448 1065 113
1483 1025 1537 1063 ad
1572 1026 1737 1064 malam
1771 1027 1982 1066 Aetatem
2016 1027 2093 1066 ad-

1221 1083 1386 1133 iungas
1427 1083 1680 1121 cruciatum
1711 1079 1822 1122 Pac.
1865 1085 1946 1123 278
1988 1096 2093 1122 con-

1223 1138 1494 1178 corditatem
1562 1139 1762 1190 hospitio
1832 1139 2093 1179 adiunctam

1219 1192 1331 1235 Pac.
1367 1195 1445 1236 188

1167 1251 1527 1291 adiutamini!
1561 1249 1674 1294 Pac,
1709 1253 1762 1292 98
1805 1252 1878 1304 qui
1913 1252 2093 1293 adiuta-

1223 1312 1295 1347 tur
1326 1305 1439 1348 Pac.
1476 1311 1552 1348 157
1585 1314 1629 1348 te
1664 1308 1859 1347 adiutem
1891 1306 1989 1350 Att.
2017 1311 2095 1349 103

1168 1364 1421 1404 adiutrix
1461 1363 1549 1405 inc.
1588 1363 1677 1405 i‘nc.
1717 1362 1808 1414 fal).
1855 1367 1932 1405 152
1973 1366 2096 1405 adiu-

1222 1423 1383 1460 tricem
1417 1418 1516 1464 Att.
1549 1423 1630 1462 213

1165 1491 1257 1517 rem
1302 1477 1530 1529 publicam
1571 1509 1579 1518 .
1616 1510 1622 1517 .
1670 1478 1964 1518 adiuuerit
1996 1476 2093 1522 Act.

1222 1536 1300 1574 357
1335 1535 1461 1573 adiu
1475 1535 1600 1575 ubre
1625 1531 1720 1574 Att.
1747 1534 1861 1575 108ss
1893 1548 1992 1575 csse
2020 1537 2095 1574 ad-

1221 1591 1364 1630 iutam
1398 1595 1623 1643 expetunt
1653 1589 1766 1631 Pac.
1800 1592 1881 1633 206

1166 1647 1429 1687 adlidere
1461 1645 1559 1690 Att.
1593 1650 1645 1688 33

1167 1704 1416 1756 adloqui:
1449 1701 1560 1744 uide
1591 1704 1667 1743 all.

1166 1761 1426 1801 adoriant
1456 1758 1606 1801 Nacu.
1643 1762 1693 1800 16

1164 1818 1390 1857 hominem
1425 1817 1681 1869 adpellat
1701 1814 1827 1858 Eun.
1852 1820 1904 1859 36
1936 1822 2096 1866 mater,

1224 1878 1271 1913 te
1305 1873 1488 1926 adpello
1519 1872 1632 1914 Pac.
1668 1876 1747 1914 197

1165 1930 1458 1983 adpellere
1489 1929 1584 1971 Att.
1611 1932 1762 1982 praet.
1792 1933 1841 1970 19

1164 1987 1290 2027 illum
1324 1987 1566 2040 adpetit,
1611 1988 1700 2037 Qui
1734 2000 1833 2027 sese
1868 1988 1951 2027 icit
1981 1985 2093 2029 Pac.

1221 2046 1274 2084 38
1315 2057 1370 2084 ex
1401 2044 1495 2084 alto
1539 2044 1854 2097 adpetissis
1885 2044 2096 2084 Discidia

1219 2098 1317 2140 Ait.
1342 2102 1420 2141 160

1165 2170 1252 2210 quo
1293 2157 1601 2210 adplicem?
1642 2154 1770 2199 Emz.
1804 2159 1854 2197 77
1896 2157 1959 2196 nil
1999 2170 2093 2197 cer-

1219 2218 1300 2254 nat
1340 2226 1425 2266 quo
1468 2227 1566 2254 sese
1611 2214 1815 2266 adplicet
1861 2211 1975 2253 Pac.
2014 2215 2096 2254 270

1221 2284 1309 2323 qua
1341 2275 1385 2310 te
1420 2270 1747 2323 adplicauisti?
1778 2268 1892 2310 Pac.
1921 2271 2003 2311 356
2037 2270 2095 2309 ad

1219 2331 1507 2367 mansuetum
1541 2327 1780 2380 adplicans
1811 2325 1907 2366 Att.
1942 2329 2020 2366 411

1163 2382 1357 2436 adpone.
1393 2383 1661 2436 adposuit
1691 2381 1788 2423 Att.
1823 2385 1904 2424 386

1163 2442 1287 2481 nilne
1320 2454 1347 2480 a
1379 2441 1518 2480 Troia
1551 2439 1848 2492 adportat?
1878 2437 1990 2480 Pac.
2015 2442 2095 2480 318

1219 2503 1265 2538 te
1298 2497 1515 2550 adportes
1548 2494 1644 2537 Att.
1678 2498 1759 2537 554
1782 2493 1803 2516 ¹⁸

1164 2568 1294 2595 omen
1329 2554 1582 2606 adproba
1613 2551 1726 2594 Pac.
1764 2551 1884 2593 146*
1917 2553 2095 2605 genito-

1222 2625 1314 2652 rem
1346 2612 1562 2651 iniustum
1598 2611 1826 2663 adprobas
1857 2608 1954 2649 Att.
1985 2612 2034 2650 41

1165 2668 1587 2721 adpropinquat
1624 2664 1713 2707 inc.
1755 2664 1843 2707 ine.
1889 2663 1980 2715 fab.
2018 2668 2095 2705 166

1163 2725 1424 2765 adsentio
1456 2720 1553 2764 Act.
1585 2726 1638 2764 50
1668 2723 1873 2763 adsensit
1894 2720 1989 2762 Att.
2012 2724 2094 2762 476

1163 2781 1399 2822 custodem
1433 2781 1730 2819 adsiduum
1762 2776 1859 2819 Att.
1892 2780 1973 2819 386

1164 2837 1514 2877 adsimulare
1546 2834 1636 2876 inc.
1668 2833 1755 2876 inc.
1787 2832 1880 2885 fab.
1913 2836 1966 2874 57

1161 2893 1596 2946 quibusAdsonet
1627 2923 1661 2932 ..
1693 2904 1850 2931 nemus
1867 2888 2029 2942 Pomp.
2045 2893 2094 2931 10

1162 2950 1309 3002 adque
1362 2949 1572 2989 Orestem
1623 2980 1631 2988 .
1670 2979 1679 2989 .
1737 2948 2095 2988 adstituerat

1218 3003 1317 3049 Att.
1353 3007 1410 3047 55

1164 3063 1356 3103 adsum
1387 3066 1522 3114 atque
1556 3061 1753 3101 aduenio
1776 3058 1864 3100 inc.
1887 3058 1976 3103 inc.
1999 3057 2092 3110 fal).

1220 3121 1272 3160 73
1304 3123 1488 3172 praesto
1519 3150 1528 3158 .
1548 3149 1557 3158 .
1589 3118 1746 3158 adsum
1778 3114 1871 3157 Att.
1901 3118 1985 3156 498
2017 3117 2095 3156 ad-

1222 3189 1318 3216 sum
1352 3175 1472 3228 apud
1504 3180 1550 3215 te
1571 3172 1667 3215 Att.
1691 3176 1772 3214 277
1806 3174 1937 3213 adest
1963 3172 2095 3211 adest

1220 3233 1298 3272 fax
1318 3229 1445 3271 Eam.
1467 3233 1521 3272 48
1545 3232 1712 3271 adsunt
1732 3227 1859 3269 Ewn.
1881 3231 1934 3268 26
1957 3226 2043 3278 (bis
2053 3227 2091 3279 ¹²)

1219 3289 1371 3328 aderit
1410 3292 1589 3340 tempus
1620 3285 1717 3327 Att.
1747 3283 1866 3326 439*
1909 3285 2095 3325 adesset

1218 3343 1332 3385 Pae.
1365 3347 1445 3385 391
1483 3345 1623 3384 ferme
1657 3343 1854 3382 aderant
1883 3339 1970 3381 inc.
2003 3338 2092 3380 inc.

1218 3399 1311 3452 fab.
1343 3403 1425 3441 224
1456 3401 1531 3440 hic
1564 3399 1719 3439 adfore
1751 3395 1867 3437 Pae.
1903 3398 1981 3437 118

1164 3458 1383 3498 aduena
1404 3455 1502 3496 Att.
1524 3458 1605 3496 654
1630 3455 1855 3494 aduenam
1882 3451 1970 3493 inc.
2002 3450 2092 3492 inc.

1219 3511 1310 3564 fab.
1343 3515 1425 3553 247
1459 3513 1664 3552 aduenas
1695 3508 1808 3551 Pac.
1842 3512 1923 3550 315

1165 3571 1407 3610 aduenio
1430 3569 1689 3609 Acherunte
1711 3565 1796 3606 i‘nc.
1822 3564 1911 3606 inc.
1928 3562 2020 3616 fab.
2039 3567 2092 3606 73

1686 3657 1737 3694 19
