2294 3844
1001 206 1054 256 Q.
1087 204 1308 246 ENvas
2039 206 2096 255 (31

852 333 905 385 II
946 332 1071 403 (inc.
1098 338 1233 386 auct.
1260 334 1466 404 9—12)

999 445 1303 514 Eurypylus

349 540 392 592 O
419 541 733 610 Patricoles,
773 542 838 593 ad
866 543 960 593 uos
988 542 1278 593 adueniens
1314 542 1569 593 auxilium
1595 546 1643 592 et
1681 542 1885 592 uestras
1920 561 2109 594 manus

202 638 309 690 315
349 637 495 706 Peto,
535 639 682 706 prius
717 658 875 707 quani
917 639 1113 706 oppeto
1155 639 1351 689 malam
1391 642 1594 706 pestem
1636 637 1945 689 mandatam
1985 639 2105 689 hos-

1336 733 1424 786 tih'
1461 754 1636 787 manu.

1140 869 1167 898 ῆι

201 926 306 980 318
348 926 534 995 Neque
576 927 794 997 sanguis
835 928 943 979 ullo
984 928 1126 996 potis
1173 931 1253 979 est
1293 932 1449 996 pacto
1492 928 1761 997 profluens
1803 926 2107 981 consistere.

997 1025 1024 1054 ἣ(
1282 1025 1310 1054 ἣῖ

1139 1062 1168 1091 a:

202 1120 309 1172 320
351 1118 405 1172 Si
446 1118 541 1189 qui
580 1121 842 1189 sapientia.
882 1120 1054 1189 magis
1095 1123 1274 1172 uestra
1314 1121 1456 1171 mors
1499 1119 1729 1172 deuitari'
1766 1124 1957 1189 potest.

200 1217 305 1269 316
346 1216 590 1285 Namque
631 1216 919 1285 Aesculapi
958 1214 1249 1269 liberorum
1292 1217 1456 1269 saucii
1497 1218 1717 1286 opplent
1758 1218 2015 1285 porticus:

201 1350 495 1390 inducitur
536 1354 590 1390 et
632 1350 859 1402 fugiens
900 1349 964 1390 ad
996 1349 1274 1390 Achillem
1314 1350 1482 1389 uenit.
1544 1349 1671 1389 Cum
1712 1351 2105 1403 interrogare-

199 1412 288 1446 tur
314 1407 378 1446 ab
402 1408 597 1447 Aiace’
622 1406 868 1456 (Achille
903 1407 1129 1459 Bergkius
1150 1406 1242 1446 ind.
1267 1406 1373 1447 lect.
1396 1406 1626 1459 Marburg.
1651 1411 1761 1447 aest.
1787 1407 1895 1446 1844
1919 1420 1960 1459 p.
1984 1406 2103 1457 XII),

200 1467 320 1503 ‘cur
353 1464 619 1516 fugisset,
663 1462 757 1504 ille
791 1469 850 1504 ut
882 1462 1096 1504 celaret
1137 1462 1403 1503 dedecus:
1452 1464 1572 1514 quis
1622 1464 1788 1502 enim’
1838 1465 1960 1511 (non
2000 1463 2103 1505 add.

200 1519 492 1572 Schuetzius)
528 1519 888 1560 ‘uulneratus
923 1519 1073 1561 ferro
1096 1519 1364 1571 Frugi0?'
1396 1519 1623 1560 Referunt
1655 1519 1713 1558 ad
1740 1520 2013 1560 Achillem
2039 1520 2106 1558 fa—

197 1576 373 1616 bulam:
414 1576 523 1616 mihi
563 1577 767 1617 monenti
806 1576 944 1617 etiam
984 1576 1030 1616 in
1070 1575 1282 1617 Herculis
1314 1575 1447 1615 lutris
1485 1575 1601 1616 haec
1632 1575 1776 1615 locum
1818 1575 1988 1616 habere
2028 1589 2105 1628 po-

197 1633 340 1673 tuisse
370 1633 571 1675 adsensit
593 1632 842 1676 Vahlenus.
962 1632 1005 1674 II
1038 1632 1198 1673 Cicero
1230 1632 1362 1672 Tusc.
1395 1631 1509 1685 disp.
1541 1633 1584 1672 II
1619 1633 1684 1682 16,
1717 1634 1770 1673 38
1809 1634 1937 1684 ‘quin
1969 1633 2108 1672 etiam

196 1689 402 1730 uidemus
435 1703 488 1729 ex
519 1690 619 1730 acie
642 1689 793 1730 efferri
815 1702 953 1742 saepe
976 1689 1158 1730 saucios
1187 1720 1195 1729 .
1216 1720 1226 1730 .
1245 1720 1254 1730 .
1284 1693 1332 1728 at
1363 1701 1471 1730 uero
1494 1688 1570 1729 ille
1604 1690 1880 1729 exercitatus
1904 1693 1950 1728 et
1970 1693 2106 1728 uetus

200 1747 255 1786 ob
297 1759 486 1799 eamque
535 1759 627 1787 rem
672 1746 834 1787 fortior
879 1746 1104 1786 medicum
1144 1745 1275 1786 modo
1316 1746 1551 1798 requirens
1597 1758 1624 1785 a
1664 1758 1749 1798 quo
1790 1745 2041 1798 obligetur,
2082 1759 2106 1784 o

199 1803 543 1854 Patricoles,
574 1803 749 1855 inquit,
782 1802 847 1843 ad
878 1815 974 1843 uos
1008 1802 1320 1843 adueniens
1447 1801 1658 1842 accedi.
1706 1802 1897 1842 Certe:
1931 1802 2106 1853 Eury-

198 1859 363 1911 pylus
395 1859 486 1899 hic
518 1859 739 1912 quidem
773 1863 871 1900 est.
916 1859 1019 1900 Vbi
1050 1858 1270 1899 tandem
1302 1858 1457 1899 luctu
1490 1859 1889 1899 conturbatur?
1922 1858 2103 1898 Homi-

341 2008 618 2056 314—325
662 2009 910 2054 Traditum
948 2022 1174 2054 uersuum
1201 2009 1434 2065 ordinem,
1479 2020 1614 2067 quem
1652 2011 1722 2053 sic
1760 2024 1789 2052 a
1823 2013 1966 2066 poeta
1987 2022 2104 2066 pro-

195 2080 378 2139 fectum
417 2093 520 2126 esse
557 2079 671 2124 mihi
706 2094 799 2126 non
830 2082 1080 2138 persuasit
1118 2078 1315 2137 Maehly
1353 2092 1466 2123 ann.
1504 2079 1685 2136 philoll.
1731 2078 1862 2124 1857
1894 2093 1947 2136 p.
1987 2078 2106 2134 361,

201 2157 357 2197 tamen
395 2153 585 2196 lacunis
622 2153 749 2196 inter
786 2151 972 2195 hiantia
1011 2150 1305 2207 interpositis
1352 2163 1480 2193 nunc
1528 2151 1735 2193 retinere
1781 2151 1930 2193 malui
1965 2164 2106 2208 quam

197 2224 246 2266 in
297 2223 685 2280 transpositionis
733 2226 778 2266 et
827 2222 1253 2266 additamentorum
1303 2220 1511 2264 audacia
1561 2234 1655 2278 qua
1705 2221 1812 2264 olim
1851 2232 1966 2264 usus
2004 2232 2105 2264 sum

196 2305 540 2350 perseuerare.
601 2306 712 2337 nam
752 2293 919 2337 ordine
956 2304 1183 2336 uersuum
1222 2292 1410 2349 qualem
1448 2293 1661 2335 numeris
1698 2291 1928 2348 adpositis
1965 2292 2104 2348 siqni-

196 2365 394 2422 ficatum
430 2366 546 2423 leqis
585 2365 838 2408 constituto
877 2368 922 2407 et
960 2377 1005 2407 u.
1047 2361 1145 2408 317
1187 2363 1500 2419 expleueram
1540 2363 1734 2405 insertis
1780 2359 1851 2404 set
1896 2359 2102 2404 trementi

199 2433 344 2494 genua
395 2433 510 2479 lassa
560 2432 801 2479 concidunt
849 2439 893 2478 et
934 2438 1046 2491 post
1095 2431 1196 2478 318
1245 2437 1388 2477 totum
1445 2443 1636 2476 uersum
1693 2433 2102 2488 interpolaueram

197 2505 381 2550 hunce:
419 2506 572 2564 itaque
610 2503 698 2548 huc
736 2502 892 2548 dolore
931 2501 1243 2548 consternatus
1284 2501 1434 2546 tardos
1475 2515 1657 2561 gressus
1697 2500 1882 2546 contuli.
2003 2500 2102 2547 314
2162 2557 2169 2561 4

197 2574 439 2620 Patricoles
477 2576 590 2621 libri
626 2577 801 2633 optimi,
836 2574 1066 2632 probauit
1092 2573 1336 2633 Berqlcius
1360 2573 1467 2617 Ind.
1495 2574 1602 2617 lect.
1632 2570 1792 2618 Marb.
1821 2578 1937 2617 aest.
1972 2570 2102 2617 1844

194 2660 244 2704 p.
272 2645 354 2691 IX
387 2648 508 2692 conl.
537 2647 782 2691 Frontone
814 2659 865 2702 p.
899 2644 988 2701 19,
1025 2643 1056 2688 4
1097 2645 1167 2689 ed.
1196 2643 1507 2688 Naberianae
1543 2642 1769 2688 Patrocles
1812 2643 1960 2688 Bern.
1999 2655 2103 2687 eum

194 2719 439 2776 plerisque
584 2715 683 2762 315
726 2721 892 2775 oppeto
934 2715 1052 2760 Gud.
1093 2715 1212 2775 Req.
1253 2714 1416 2759 Brux.
1448 2716 1672 2772 plerique
1710 2716 1883 2770 ceteri,
1923 2713 2102 2772 proba-

199 2790 268 2832 uit
307 2787 670 2847 Wesenberqius
710 2792 917 2845 oppetam
955 2785 1106 2831 Bern.
1147 2800 1207 2829 m.
1247 2787 1347 2841 alt.,
1389 2797 1514 2830 unus
1557 2783 1708 2830 Oxon.
1742 2783 1871 2829 Leid.
1984 2797 2104 2827 man-

200 2856 343 2901 datam
391 2858 503 2903 libri
556 2856 700 2901 datam
740 2857 987 2901 Bentleius
1039 2854 1232 2901 oblatam
1272 2854 1422 2901 CFW
1455 2854 1664 2900 Mueller
1708 2855 1899 2912 prosod.
1941 2854 2102 2898 Plaul.

203 2926 301 2972 124
447 2927 546 2974 318
587 2940 732 2986 neque
768 2927 880 2972 libri
907 2928 1130 2986 plerique
1179 2939 1260 2971 nec
1309 2938 1432 2971 unus
1471 2926 1571 2970 cod.
1610 2925 1800 2971 Dauisii
1835 2938 1913 2969 seu
1954 2923 2099 2969 Bent-

197 3000 320 3044 leius
470 2997 581 3058 poti'
621 3003 751 3057 pacto
791 2996 1042 3042 Bentleius
1201 2995 1303 3043 320
1340 2997 1377 3041 si
1416 3009 1501 3055 qua
1540 2996 1672 3041 codd.
1712 2997 1821 3054 aliq.
1864 3008 1944 3040 seu
1982 3007 2105 3040 unus

200 3071 302 3115 cod.
343 3069 560 3126 Dauisii‚
599 3068 863 3113 Bentleius.
905 3067 1221 3126 Quadruplici
1255 3068 1388 3112 modo
1426 3069 1637 3111 numeris
1684 3077 1975 3111 succurrere
2023 3077 2103 3109 co-

198 3145 346 3186 natur
373 3139 455 3185 CF
466 3139 522 3184 W
547 3139 753 3183 Mueller
784 3140 980 3196 prosod.
1015 3138 1175 3186 Plaut.
1208 3135 1306 3181 124
1345 3137 1495 3183 scribi
1528 3137 1694 3182 iubens
1731 3138 1808 3181 uel
1847 3136 1884 3180 si
1921 3135 1997 3193 qui
2034 3148 2103 3178 sa-

198 3211 363 3269 pientia
401 3211 544 3270 magis
574 3216 722 3254 uestra
760 3209 918 3253 euitari
945 3222 1065 3253 mors
1092 3213 1246 3268 potest
1272 3209 1348 3252 uel
1374 3208 1411 3251 si
1450 3207 1526 3266 qui
1564 3207 1778 3266 sapientia
1814 3205 1954 3264 inagis
1982 3217 2102 3249 mors

199 3287 349 3325 uestra
376 3280 535 3324 euitari
573 3294 617 3339 p.
646 3280 723 3324 uel
760 3279 796 3322 si
823 3280 899 3338 qui
925 3285 1078 3324 uestra
1106 3279 1324 3338 sapientia
1351 3277 1492 3336 magis
1520 3290 1639 3321 mors
1678 3275 1865 3320 deuitari
1891 3289 1934 3333 p.
1963 3275 2040 3318 uel
2065 3275 2102 3317 si

201 3352 277 3410 qui
317 3357 467 3395 uestra
505 3350 722 3410 sapientia
761 3350 901 3409 magis
929 3349 1116 3394 deuitari
1156 3361 1278 3393 mors
1313 3363 1357 3407 p.
1398 3347 1514 3393 Olim
1550 3350 1875 3405 proposuerat
1913 3343 2100 3388 ‹leuitari

199 3434 322 3466 mors
349 3420 598 3466 Bentleius
706 3418 806 3465 316
846 3432 1036 3479 namque
1072 3420 1185 3465 libri
1220 3420 1438 3477 plerique
1476 3430 1574 3461 uam
1615 3416 1861 3459 Bentleius
1899 3426 1963 3458 ex
2001 3415 2101 3461 cod.

197 3491 392 3536 Dauisii
496 3489 735 3549 aesculapii
775 3489 892 3534 Gud.
924 3489 1041 3549 Req.
1072 3489 1232 3534 Bruoe.
1275 3492 1321 3533 in
1367 3488 1506 3532 Tusa.
1619 3484 1717 3530 317
1758 3485 1875 3542 potis
1904 3483 2103 3528 Bothius

200 3567 352 3619 potest
388 3562 501 3606 libri
