2299 3803
208 167 313 220 280
957 167 1017 208 M.
1052 141 1345 207 PAcvvlvs

1131 293 1184 346 II

359 391 568 461 <Neque
610 390 719 445 sslic
758 392 908 443 triste
951 389 1217 458 quaeritat
1258 389 1431 457 sine'tpi
1472 391 1564 441 aut
1604 406 1763 457 caepe
1804 385 2104 458 maestum.)

836 553 924 620 M.
1007 549 1492 621 PACVVIVS

1018 691 1307 745 PAVLVS

1089 788 1115 840 I
1157 785 1239 858 (1)

364 886 523 937 Pater
564 904 829 954 supreme,
868 887 1083 937 nostrae
1122 881 1374 953 progenis
1410 883 1577 952 patris

927 980 981 1032 II
1023 978 1185 1050 (Nou.
1224 977 1396 1050 Paul.)

287 1049 298 1131 ἶ
360 1077 516 1129 Nunc
557 1080 609 1128 te
652 1076 912 1145 obtestor,
952 1077 1118 1128 celere
1159 1078 1344 1128 saneto
1386 1074 1612 1128 subueni
1652 1075 1914 1128 censorio!

1061 1171 1143 1224 ΠΙ
1185 1170 1267 1241 (3)

358 1266 513 1319 Niul't
554 1269 787 1338 sagittis,
827 1269 1045 1336 plumbo
1087 1271 1140 1319 et
1180 1267 1318 1319 saxis
1359 1267 1660 1336 grandinat.

287 1116 319 1166 0.)
286 1043 318 1093 tx.)

220 1431 273 1474 fr.
306 1428 362 1481 V)
397 1429 501 1469 olim
532 1429 790 1469 inseruerat
822 1429 1071 1470 Vahlenus.
1187 1430 1233 1469 ΙΙ
1263 1429 1522 1470 Macrobius
1555 1429 1649 1473 Sat.
1671 1429 1734 1470 V1
1765 1430 1814 1480 5,
1847 1431 1872 1470 5
1904 1429 2120 1470 ‘tristis

214 1500 293 1539 pro
327 1499 480 1525 amaro
513 1486 755 1526 translatio
783 1486 948 1526 decens
979 1491 1050 1526 est
1175 1485 1244 1525 ita
1274 1486 1486 1525 Ennius
1519 1486 1575 1524 in
1605 1485 1751 1526 libro
1783 1485 2120 1526 Sabinarum

214 1547 437 1595 quarto:
471 1544 643 1594 neque’
678 1555 717 1585 e.
751 1555 791 1594 q.
827 1555 861 1582 s.
908 1543 1252 1594 (satyrarum
1286 1541 1540 1593 Columna).
1594 1541 1779 1582 Seruius
1811 1541 1858 1580 in
1879 1542 2016 1595 Verg.
2049 1555 2120 1595 ge.

213 1600 235 1639 1
267 1602 318 1639 75
352 1598 669 1650 ‘tristisque
702 1599 868 1651 lupini,
905 1600 1046 1638 amari
1170 1598 1364 1637 Ennius:
1400 1611 1548 1650 neque
1679 1596 1860 1650 sinapi.’
1911 1599 1966 1638 In
1998 1605 2119 1638 satu-

219 1669 368 1695 rarum
405 1654 569 1694 librum
607 1656 671 1695 IV
710 1655 816 1695 olim
859 1659 1102 1707 receperat
1139 1653 1393 1706 Vahlenus,
1435 1654 1514 1694 sed
1551 1654 1671 1694 idem
1710 1667 1820 1696 mUS.
1858 1653 2000 1694 Rhen.
2031 1653 2060 1693 l.
2090 1654 2119 1694 1.

217 1710 395 1750 numeri
426 1716 580 1751 notam
610 1711 705 1751 IIII
739 1711 859 1763 apud
890 1711 1175 1751 Macrobium
1208 1714 1352 1750 ortam
1384 1712 1548 1751 statuit
1580 1724 1636 1749 ex
1667 1709 2001 1750 Sabinarum
2040 1724 2120 1751 no-

215 1769 347 1807 minis
382 1766 553 1806 litteris
584 1765 812 1807 finalibus.
859 1766 1073 1806 Ceterum
1096 1767 1394 1806 seueritatem
1421 1770 1764 1819 praetextarum
1794 1767 1863 1807 ita
1896 1766 2120 1818 desidero,

219 1830 268 1862 ut
301 1823 458 1862 satiris
488 1822 607 1862 hunc
638 1823 917 1864 uersiculum
948 1823 1096 1863 libens
1129 1823 1389 1863 redditurus
1421 1823 1520 1864 sim.

327 1880 506 1919 PAcvv1
539 1881 725 1919 PAvnvs
759 1881 780 1920 I
818 1879 992 1920 Gellius
1024 1880 1088 1919 IX
1112 1881 1184 1926 14,
1211 1882 1261 1920 13
1294 1879 1388 1919 ‘sic
1419 1883 1573 1919 autem
1604 1878 1704 1919 dies
1729 1879 1794 1918 dii
1827 1892 1854 1918 a
1885 1879 2122 1919 ueteribus

216 1936 494 1976 declinatum
517 1940 597 1985 est,
625 1942 672 1976 ut
695 1937 838 1976 fames
862 1936 987 1987 fami,
1012 1935 1240 1988 pernicies
1263 1936 1472 1988 pernicii,
1507 1936 1811 1988 progenies
1833 1936 2120 1989 progenii,

216 1993 416 2032 luxuries
447 1991 634 2043 luxurii,
668 1993 787 2032 acies
820 1992 910 2031 acii
939 2022 1062 2032 .....
1091 1992 1323 2032 Pacuuius
1354 1992 1400 2032 in
1424 1991 1588 2032 Paulo:
1621 1995 1779 2044 pater’
1805 2005 1843 2031 e.
1870 2005 1913 2043 q.
1937 2004 1971 2034 S.
2005 1993 2121 2034 Non.

216 2063 256 2100 p.
280 2050 376 2098 490,
400 2050 426 2087 4
459 2049 779 2101 ‘progeniL’
814 2049 1107 2101 (progenis
1138 2047 1316 2100 Bamb.)
1406 2049 1451 2088 11
1476 2048 1592 2089 Non.
1614 2049 1710 2098 510,
1733 2050 1758 2088 8
1791 2047 2008 2088 ‘celere
2040 2061 2120 2101 pro

217 2105 441 2147 celeriter.
500 2104 711 2144 Nouius
752 2105 919 2144 Paulo:
958 2108 1105 2145 nunc'
1150 2118 1188 2145 e.
1231 2119 1271 2157 q.
1306 2117 1339 2144 s.
1403 2103 1712 2156 (Pacuuius
1749 2105 1909 2144 Iunius
1949 2105 1997 2144 in
2037 2117 2123 2157 mg.

218 2162 469 2201 Naeuius
503 2161 573 2204 ed.
609 2161 693 2213 pr.)
717 2160 786 2201 Cf.
810 2160 1042 2202 Plutarchi
1065 2161 1189 2204 Aem.
1210 2163 1262 2202 21
1379 2161 1447 2201 III
1477 2161 1589 2204 Non.
1621 2162 1718 2212 507,
1749 2163 1802 2202 27
1837 2160 2013 2201 ‘niuit
2043 2174 2122 2213 pro

217 2328 350 2371 inser.
391 2325 546 2369 dabitis
577 2327 777 2384 explere
811 2327 987 2371 studuit
1029 2326 1292 2382 Valelenus,
1342 2338 1447 2369 cum
1475 2326 1579 2369 olim
1606 2327 1653 2369 in
1679 2328 1862 2370 senarii
1900 2327 2122 2370 clausula

218 2402 329 2441 ante
365 2410 494 2455 quani
533 2399 812 2441 inseruisset
851 2397 983 2455 inpie.
1036 2396 1131 2440 Sed
1166 2397 1412 2441 admodum
1451 2408 1625 2440 uereor
1663 2408 1722 2440 ne
1756 2401 1930 2453 poetae
1970 2397 2120 2441 uerba

221 2467 386 2511 rhetor
412 2469 582 2510 misere
611 2469 914 2511 contraxerit
941 2472 984 2511 et
1012 2469 1388 2512 commutauerit.
1503 2465 1530 2510 6
1559 2465 1634 2509 ille
1662 2466 1977 2511 Burmannus
2003 2465 2075 2523 ill.
2100 2501 2111 2512 .

222 2537 420 2582 Seruius
457 2537 699 2593 Danielis,
750 2551 836 2581 om.
876 2536 1152 2581 Macrobius
1189 2535 1262 2580 ille
1300 2536 1613 2579 Burmannus
1652 2535 1726 2579 illa
1760 2536 1917 2581 Ianus
2049 2543 2125 2581 aut

221 2621 353 2666 caepe
382 2609 566 2651 conieci
589 2620 706 2651 mus.
735 2607 889 2652 Rlzen.
912 2608 962 2651 Χ
980 2605 1098 2663 277,
1125 2606 1372 2652 iambicum
1398 2608 1722 2663 septenarium
1749 2610 1960 2664 metiens,
1989 2609 2126 2652 cuius

223 2679 313 2722 duo
348 2678 515 2735 frusta
571 2677 809 2721 Valelenus
845 2679 874 2721 l.
914 2679 946 2721 l.
988 2678 1223 2722 distribuit
1261 2689 1407 2735 neque
1444 2711 1454 2720 .
1488 2711 1498 2720 .
1533 2711 1542 2720 .
1589 2670 1730 2735 sininpi
1758 2670 1774 2738 ΙΙ
1804 2690 1950 2736 neque
1988 2691 2025 2722 c.
2067 2691 2123 2721 111.

228 2748 343 2793 Olim
385 2748 615 2792 Sotadeos
655 2761 760 2791 eum
803 2747 842 2791 T
840 2748 885 2792 Ιι.
916 2747 1075 2807 Huyio
1115 2747 1342 2791 ediderat.

368 2817 631 2861 I’Acvvn's
711 2818 734 2861 1
777 2831 1011 2876 supraeme
1050 2818 1193 2862 Nonii
1226 2818 1336 2861 libri
1444 2830 1525 2860 nos
1564 2824 1745 2861 nostrae
1783 2817 1954 2862 Bamb.
1985 2818 2129 2863 Nonii

293 2889 482 2946 progeni
524 2888 667 2933 Nonii
704 2889 837 2932 codd.
890 2888 961 2932 De
995 2887 1157 2945 forma
1196 2887 1262 2945 cf.
1305 2887 1639 2932 Bueeleelerus
1676 2890 1760 2931 lat.
1802 2889 1922 2932 decl.
1964 2887 2030 2933 35

223 2959 439 3002 Additum
478 2963 582 3001 erat
620 2961 667 3002 in
706 2961 924 3016 sequenti
971 2971 1117 3003 uersu
1155 2958 1420 3017 progenitor
1459 2958 1537 3002 uel
1574 2956 1761 3001 ahauus:
1813 2973 1924 3002 nam
1960 2958 2126 3004 Iouem

216 3030 422 3086 precari
470 3028 655 3072 uidetur
701 3030 924 3073 Aemilius
962 3028 1167 3083 Paulus,
1220 3029 1358 3072 euius
1402 3041 1518 3086 qens
1567 3028 1625 3072 ab
1672 3028 1879 3073 Ascanio
1927 3031 2125 3086 stirpem

223 3098 485 3143 deducebat
533 3097 693 3154 (Pauli
728 3099 902 3143 Festus
950 3113 995 3143 u.
1034 3095 1295 3157 Aemiliani).
1357 3098 1528 3142 Veram
1572 3104 1867 3143 structuram
1909 3098 2123 3143 Bueche-

223 3172 357 3213 lcrus
396 3181 581 3226 quoque
622 3171 838 3227 aqnouit,
882 3183 986 3213 eum
1026 3171 1166 3227 uulyo
1204 3175 1331 3227 pater
1487 3169 1623 3227 patris
1663 3171 1997 3227 eoniunyatur.

228 3239 254 3282 :2
293 3254 360 3297 sq.
413 3238 746 3296 Septenarium
793 3242 942 3284 suasit
992 3239 1319 3283 Buechelerus
1482 3251 1598 3282 nnnc
1650 3252 1768 3283 nnnc
1815 3238 2126 3284 Hermannus

231 3309 404 3366 Opuse.
433 3308 594 3353 {7264
634 3322 752 3352 nunc
792 3315 881 3353 tete
921 3309 1246 3354 Neultirclzius
1283 3322 1400 3352 nunc
1438 3307 1511 3352 ted
1553 3307 1771 3368 Scaliyer
1811 3307 1936 3353 Coni.
1966 3323 2019 3366 p.
2059 3308 2124 3354 68

333 3386 482 3423 sancte
519 3377 827 3423 Hermannus
932 3375 1144 3440 suhueni]
1179 3391 1391 3424 succurre
1416 3378 1521 3423 Pal,
1645 3379 1674 3424 3
1714 3379 1918 3422 censorio
1944 3381 2128 3424 conieci

230 3450 459 3492 censoriae
485 3450 613 3493 Leid.
642 3449 807 3493 Bamb.
851 3450 1053 3493 eensorIe
1081 3452 1230 3494 ceteri
1252 3450 1361 3494 libri
1397 3449 1572 3494 censori
1600 3449 1772 3494 Aldina
1811 3461 1972 3493 censor
1997 3449 2123 3494 Her-

220 3532 431 3592 ·mannus
570 3526 719 3564 saneta
756 3533 793 3565 s.
834 3518 1035 3564 Caesarie
1074 3521 1179 3564 olim
1219 3522 1518 3565 conieceram
1658 3517 1689 3562 4
1728 3518 1904 3576 sagittis
1941 3517 2123 3578 plumbo
