2299 3803
217 161 319 213 304

275 298 343 332 est
374 288 499 330 Eme.
537 292 586 329 18
659 303 758 330 cum
790 291 938 329 animo
972 287 1149 328 attendi

271 346 385 389 Pac.
413 349 462 387 17
487 349 614 387 0111119
640 347 948 386 inter-uentum
972 349 1013 384 st
1033 341 1147 384 Pac.

216 401 326 456 ’ζὴ-65
374 416 475 444 cum
530 432 540 441 .
575 433 585 443 .
641 403 860 443 lacerasti
905 400 1019 441 Pac.
1067 402 1148 440 328

276 458 418 513 (cum)
473 460 700 499 obuiamst
757 458 852 499 Ati.
906 459 986 497 436
1049 469 1149 496 cum

274 524 317 556 te
362 516 640 568 expetebant
678 514 764 556 inc.
810 513 892 554 inc.
932 511 1024 564 fab.
1072 514 1148 551 186

274 573 455 612 facinus
499 573 613 611 fecit
653 584 908 611 maxumum
949 583 1048 609 cum
1095 599 1140 608 ..

273 629 468 681 perfecit
522 626 611 668 inc.
667 626 751 670 ine.
804 625 899 676 fal).
941 628 993 664 64
1047 637 1146 663 cum

275 687 434 736 genui,
492 690 583 723 tum
643 716 649 722 .
691 716 700 724 .
757 683 872 722 sciui
917 681 1001 722 inc.
1055 679 1142 720 inc.

273 739 366 791 fill).
399 744 452 781 85
485 754 581 780 cum
621 742 760 779 misi}
797 770 804 777 .
847 740 1018 778 scibam
1057 735 1149 776 i‘nc.

276 797 360 837 ine.
412 795 502 847 fab.
543 798 595 836 86
644 809 744 836 cum
795 796 1013 835 striderat
1050 791 1148 834 Att.

278 856 329 893 57
373 855 574 892 adiutam
616 856 856 905 expetunt,
907 853 1051 902 Quom
1098 880 1106 887 .
1134 880 1142 888 .

283 911 480 962 spatium
520 909 775 948 ulciscendi
824 909 997 947 danunt
1035 903 1150 946 Pac.

282 969 362 1006 207
410 979 508 1005 cum
556 965 774 1006 contendi
820 965 1050 1016 nequitum
1089 963 1150 1011 ui,

273 1022 504 1061 tendenda
528 1027 599 1061 est
634 1021 749 1061 clam
774 1021 911 1073 plaga
933 1018 1046 1060 Pac.
1071 1021 1152 1059 390

276 1079 409 1118 simul
443 1091 541 1117 curn
574 1077 753 1117 uideam
782 1082 861 1128 (an
883 1077 1091 1116 uidebam
1107 1074 1151 1126 52)

275 1132 388 1175 Pac.
423 1137 502 1174 105
537 1147 636 1173 cum
659 1136 790 1187 pigra
821 1135 921 1187 ipsa
955 1135 1014 1173 sit
1034 1129 1149 1174 Pae.

278 1194 356 1231 179
389 1204 487 1230 cum
511 1192 636 1230 uitae
667 1204 876 1243 parcam,
912 1190 1053 1230 letum

274 1248 492 1300 deprecer
507 1244 632 1286 Eom.
647 1250 721 1287 121
742 1247 977 1287 cumillum
989 1244 1151 1285 uideas

272 1302 384 1344 Pae.
399 1305 477 1345 135
496 1309 588 1343 turn
609 1317 707 1343 cum
721 1301 1021 1345 feruatAtt.2
1035 1314 1150 1354 quae

277 1374 374 1400 cum
406 1373 649 1413 componas
681 1392 689 1399 .
717 1392 726 1401 .
768 1361 1031 1412 discrepant
1051 1355 1148 1400 Att.

272 1420 325 1457 48
347 1430 445 1456 cum
477 1448 486 1458 .
504 1448 513 1457 .
545 1418 664 1457 sciat
683 1414 781 1458 Att.
800 1419 882 1458 337
904 1428 1028 1455 mare
1049 1428 1147 1454 cum

276 1474 483 1514 horreret
504 1474 722 1513 fluctibus
744 1470 840 1516 Att.
865 1475 947 1513 413
981 1471 1149 1512 candor

278 1544 377 1570 cum
416 1530 694 1582 liquesceret
730 1527 883 1570 Naeu.
918 1526 1009 1569 51*
1050 1540 1149 1567 cum

286 1618 322 1627 ..
362 1587 575 1626 rimarem
602 1587 727 1626 sinus
750 1584 865 1628 Pac,
888 1588 937 1625 71
975 1598 1072 1624 cum
1106 1615 1140 1622 ..

273 1643 518 1696 dignarent
538 1640 651 1683 Pac.
676 1644 755 1682 166
787 1643 877 1694 ipsi
906 1642 1028 1682 lucet
1050 1654 1151 1680 cum

276 1700 344 1738 illi
375 1699 635 1740 accenderit
664 1697 792 1739 Eme.
826 1701 908 1740 368
948 1710 1047 1737 cum
1079 1709 1149 1736 sa-

271 1769 376 1795 xum
408 1757 644 1796 sciciderit
675 1753 802 1795 Eun.
827 1757 907 1794 252
941 1766 1073 1806 quom
1101 1784 1110 1793 .
1132 1785 1141 1794 .

275 1813 523 1865 contigerit
572 1812 739 1852 malum
788 1809 916 1852 E‘mz.
970 1812 1050 1850 308
1089 1809 1147 1861 (²¹⁶)

274 1882 373 1909 cum
403 1876 449 1908 te
487 1869 654 1908 uiderit
684 1867 782 1910 Att.
816 1871 870 1908 64
917 1880 1017 1907 cum
1047 1868 1147 1905 nin-

274 1927 426 1965 xerint
446 1922 542 1966 Att.
570 1928 646 1966 101
683 1939 781 1965 cum
813 1957 850 1965 ..
880 1925 1030 1964 anima
1054 1936 1148 1963 cor·

273 1995 358 2034 pus
388 1982 574 2035 liquerit
596 1979 692 2021 Att.
716 1984 797 2022 605
819 1981 838 2001 *
873 1994 971 2021 cum
1003 2011 1039 2020 ..
1073 1980 1147 2020 de-

273 2040 509 2079 traxeritis
540 2035 666 2078 Emz.
682 2040 834 2090 praet.
858 2040 882 2078 5
915 2051 1014 2078 curn
1049 2037 1146 2076 ani—

274 2100 421 2135 matus
460 2097 556 2136 iero
596 2093 694 2135 Att.
734 2097 816 2136 308
855 2107 953 2135 cum
994 2125 1038 2134 ..
1079 2106 1148 2133 re-

274 2152 540 2204 sponderint
581 2184 588 2192 .
617 2183 626 2192 .
665 2151 805 2192 funde
827 2149 915 2192 i‘nc.
938 2148 1029 2192 ἐπε.
1054 2147 1147 2200 fab.

275 2211 355 2248 255

217 2266 512 2306 cunctatio
543 2262 641 2308 Aa,
677 2263 793 2305 154*

218 2326 486 2362 cunctent
515 2319 640 2361 Eun.
678 2323 757 2361 148
800 2324 990 2361 cunctas
1021 2316 1146 2361 Eun.

265 2380 415 2430 praet.
454 2381 478 2418 2
508 2379 528 2399 *
571 2382 793 2418 cunctant
832 2377 1041 2418 subferre
1084 2377 1149 2416 la·

277 2443 426 2475 norem
456 2432 553 2478 Att.
589 2438 640 2475 72

220 2496 479 2531 cunctam
518 2523 553 2530 ..
597 2491 919 2532 castitudinem
948 2487 1044 2529 Att.
1069 2490 1149 2529 585

279 2554 442 2587 cuncta
475 2549 624 2600 opima
646 2545 745 2589 Att.
770 2548 848 2586 146
884 2551 1051 2586 cuncta
1076 2558 1149 2584 ex-

276 2605 442 2656 pedibo
471 2601 567 2648 Att,
589 2606 672 2644 490
705 2607 872 2643 cuncta
906 2614 1005 2642 esse
1029 2602 1149 2640 fluxa

279 2659 377 2700 Att.
412 2663 491 2702 601

221 2717 516 2769 cupiditas
547 2715 661 2763 Pac,
697 2719 776 2757 170

221 2774 425 2826 cupido
460 2776 581 2825 cepit
622 2805 657 2814 ..
698 2787 767 2814 me
792 2772 1001 2825 proloqui
1022 2767 1148 2811 Emz.

222 2886 423 2939 cupido
464 2886 599 2927 corde
638 2883 763 2926 Emi.
805 2887 884 2926 241
934 2884 1147 2938 cupidam

277 2941 364 2983 inc.
406 2941 494 2985 inc.
533 2940 625 2993 fab.
663 2945 744 2982 252
782 2943 957 2982 domum
989 2943 1146 2981 itionis

279 3000 432 3052 cupidi
460 2998 549 3039 inc.
579 2998 666 3040 inc.
698 2997 790 3049 fab.
823 3001 875 3039 27

225 3060 524 3109 cupienter
553 3052 677 3095 Emz.
711 3057 792 3096 256
822 3053 920 3097 Att.
954 3057 1034 3096 543

225 3115 386 3166 cupio
417 3110 533 3156 Pac,
567 3114 648 3152 288
688 3113 878 3163 cupiant
908 3109 1034 3150 Eme.
1069 3112 1148 3150 148

280 3167 475 3221 cupita*
517 3170 706 3221 cupiens
748 3169 984 3220 cupienter
1023 3168 1150 3219 cupit

277 3223 403 3265 Enn.
434 3227 516 3266 256

227 3296 322 3321 cur
353 3279 476 3323 Eam.
513 3285 590 3322 116
626 3284 700 3321 117
734 3278 830 3321 Att.
862 3282 914 3321 36
949 3281 1026 3320 160
1057 3277 1146 3318 inc.

281 3337 369 3378 inc.
408 3336 501 3388 fab,
540 3341 620 3378 212
662 3351 741 3377 cur
788 3368 796 3377 .
824 3369 833 3377 .
871 3337 1148 3376 execrabor?

280 3392 403 3434 Eam.
423 3397 505 3436 375
528 3408 604 3435 cur
628 3395 890 3434 inlacuctur
908 3393 1013 3432 hic?
1035 3390 1148 3432 Pac.

281 3454 363 3491 210
396 3465 473 3491 cur
504 3482 542 3493 ..
572 3449 773 3504 pigrem‘}
805 3448 904 3490 Att.
926 3451 1009 3489 294
1041 3450 1148 3501 quid

284 3513 354 3548 est
386 3521 464 3548 cur
504 3539 539 3547 ..
581 3509 734 3548 ausis?
766 3505 865 3547 Att.
901 3508 978 3546 147

1014 178 1111 207 oum
1153 190 1220 194 —
1260 164 1312 207 (10

1195 288 1310 341 lapit
1350 301 1426 328 cor
1467 300 1599 327 cura
1627 285 1741 329 Pac.
1776 291 1857 328 276
1897 289 1974 327 ubi
2015 301 2122 327 cura

1255 348 1347 396 est,
1382 344 1446 384 ibi
1479 344 1698 384 anxitudo
1729 342 1827 385 Att.
1854 346 1934 385 154
1967 357 2121 384 curam

1252 414 1407 441 somno
1453 430 1462 440 .
1490 431 1499 440 .
1545 400 1673 439 leuas
1711 398 1825 442 Pac.
1859 403 1937 441 197
1983 401 2122 441 istam

1251 457 1512 496 imminuam
1545 469 1700 496 curam
1719 455 1817 500 Att,
1839 459 1921 497 234
1953 470 2124 498 summa

1255 527 1354 552 cum
1389 525 1497 552 cura
1527 510 1625 552 Att.
1657 514 1739 552 216
1779 513 1884 553 finis
1917 526 2123 554 curarum

1251 567 1347 611 Att.
1390 567 1509 609 577*
1562 569 1682 608 curis
1727 573 1932 621 sumptus
1979 571 2125 622 suspi-

1254 626 1461 666 rantibus
1492 623 1579 665 iuc.
1611 623 1698 667 inc.
1732 622 1823 674 fab.
1856 628 1881 665 8

1197 682 1328 722 deum
1357 713 1366 722 .
1394 713 1402 721 .
1441 694 1520 721 rex
1549 681 1658 733 (res)
1684 685 1847 721 curat
1870 681 2126 723 hominibus

1251 736 1348 778 Att.
1366 740 1444 779 143
1466 741 1626 777 curant
1635 734 1887 788 Attpraet.
1899 740 1952 778 29
1966 743 2128 778 curant

1255 808 1389 834 sacra
1422 791 1580 834 Iulius
1602 793 1702 846 2(*)
1735 807 1811 834 eos
1843 807 1933 834 non
1965 807 2125 835 curare

1254 852 1411 904 opinor
1453 851 1558 902 quid
1607 855 1713 903 agat
1760 851 2005 891 humanum
2050 864 2126 904 ge·

1254 921 1358 948 nus:
1400 907 1516 946 Nam
1549 907 1586 946 si
1620 911 1800 958 curent,
1840 907 1956 947 bene
1994 907 2126 948 bonis

1256 965 1315 1004 sit
1345 960 1472 1005 Eme.
1503 965 1585 1004 270
1617 964 1797 1003 saucios
1830 963 2042 1004 Conuisit
2070 969 2123 1004 ut

1254 1026 1469 1060 curentur
1500 1019 1765 1072 diligentius
1795 1018 1892 1064 Att.
1925 1021 2006 1061 598

1200 1078 1374 1118 currit
1398 1090 1480 1117 axe
1502 1076 1774 1129 quadriiuga
1791 1074 1905 1117 Pac.
1929 1078 2011 1117 398
2030 1089 2127 1116 cur·
2149 1103 2152 1105 -

1254 1139 1358 1173 runt
1387 1130 1486 1173 Att.
1519 1135 1603 1172 444

1091 1219 1099 1226 .
1133 1218 1142 1227 .
1200 1204 1414 1231 currum
1441 1187 1554 1229 Pac.
1581 1191 1660 1229 186
1694 1202 1827 1229 curru
1859 1189 2125 1242 quadriiugo
2155 1189 2158 1191 ’

1253 1244 1378 1286 Eam.
1413 1248 1465 1286 92
1510 1246 1703 1286 candido
1745 1259 1879 1285 curru
1907 1243 2007 1287 Att.
2046 1247 2123 1285 581

1255 1317 1416 1344 currus
1438 1314 1682 1355 suspensos
1706 1300 1795 1342 mc.
1818 1300 1908 1346 inc.
1934 1299 2026 1352 fab.
2047 1304 2126 1342 196

1197 1360 1352 1413 pelagi
1384 1372 1641 1400 cursores
1674 1356 1763 1399 ἐπε.
1796 1356 1884 1401 ine.
1916 1356 2008 1408 fab.
2044 1360 2123 1398 251

1199 1430 1419 1457 cursum
1459 1447 1467 1457 .
1486 1446 1497 1458 .
1525 1416 1646 1468 rapit
1666 1413 1762 1458 Att.
1791 1418 1869 1456 123
1901 1415 2125 1455 lassitudo

1261 1505 1270 1513 .
1298 1505 1307 1513 .
1348 1486 1525 1514 cursum
1564 1472 1691 1512 leuet
1720 1470 1817 1512 Att.
1850 1473 1933 1511 456
1973 1472 2127 1511 dexte-

1253 1544 1349 1570 rum
1382 1530 1514 1582 Cepit
1551 1541 1731 1569 cursum
1760 1526 1857 1568 Att.
1890 1529 2040 1580 praet.
2072 1530 2124 1568 37

1256 1600 1433 1626 cursum
1474 1585 1608 1638 liquit
1637 1582 1751 1627 Pac.
1786 1585 1866 1625 186
1893 1583 1950 1637 (²⁸)
1990 1596 2126 1624 cursu

1253 1657 1371 1683 nouo
1393 1640 1491 1682 Att.
1506 1643 1657 1693 praet.
1676 1643 1729 1681 28
1753 1654 1901 1681 annuo
1923 1641 1970 1680 in
1993 1653 2127 1681 cursu

1252 1698 1348 1740 Att.
1384 1701 1463 1739 100

1199 1769 1368 1796 curuo
1399 1755 1534 1795 litore
1566 1751 1663 1798 Att.
1697 1755 1778 1795 569

1195 1813 1365 1866 regalis
1387 1812 1588 1864 corporis
1613 1811 1902 1852 custodias
1924 1810 2126 1865 Agitatis

1251 1867 1402 1912 theu.
1435 1870 1489 1908 24

1196 1926 1478 1967 custodite
1510 1925 1662 1965 istunc
1691 1922 1806 1968 Pac,
1839 1926 1921 1965 228

1194 1984 1284 2023 fida
1316 1987 1505 2023 custos
1537 1983 1739 2034 corporis
1759 1978 1885 2020 Eam.
1909 1983 1992 2021 214
2025 1993 2127 2021 cus·

1252 2040 1402 2081 todem
1436 2038 1675 2079 adsiduum
1706 2035 1803 2079 Att.
1836 2040 1918 2078 386

1197 2153 1422 2193 damnas
1470 2150 1554 2192 inc.
1604 2150 1692 2193 mc,
1740 2147 1833 2201 fab.
1881 2153 1963 2192 200
2024 2164 2127 2192 aras

1251 2209 1465 2249 damnate
1500 2210 1602 2261 pias
1632 2205 1793 2259 Pomp.
1825 2206 1887 2247 6*
1925 2221 2024 2247 cum
2055 2221 2125 2247 me

1253 2267 1517 2306 damnatum
1550 2265 1707 2305 audiet
1737 2262 1837 2305 Att.
1871 2266 1950 2305 153

1195 2323 1378 2364 Danai
1416 2320 1531 2364 Pac.
1564 2320 1644 2363 321
1677 2317 1775 2361 Att.
1811 2322 1889 2360 127
1925 2323 2004 2362 178
2034 2318 2122 2361 inc.

1252 2378 1338 2420 ine.
1362 2376 1453 2429 fab.
1477 2381 1529 2419 32
1552 2381 1751 2419 ‘Danaos
1771 2373 1868 2417 Att.
1893 2378 1943 2417 16
1964 2375 2125 2428 Pomp.

1255 2439 1277 2475 7
1311 2437 1488 2475 Danais
1519 2433 1631 2475 Pac.
1669 2436 1748 2474 174
1777 2431 1866 2474 inc.
1904 2431 1992 2474 ine.
2033 2431 2124 2484 fab.

1254 2494 1307 2531 64
1337 2492 1510 2531 Danai!
1543 2489 1632 2531 inc.
1664 2488 1751 2532 inc.
1783 2486 1875 2539 fab.
1907 2493 1961 2530 35

1198 2549 1392 2600 dapem
1423 2545 1520 2588 Att.
1552 2549 1634 2587 218

1197 2604 1508 2645 Dardaniis
1542 2603 1756 2657 gentibus
1786 2601 1883 2646 Act.
1917 2605 1998 2644 523

1197 2661 1494 2701 Dardanus
1543 2657 1642 2700 Act.
1697 2660 1803 2700 653ι
1856 2659 2125 2700 Dardanum

1252 2715 1365 2758 ibid.

1198 2774 1361 2815 uolans
1401 2773 1463 2814 de
1496 2773 1623 2814 caelo
1654 2770 1781 2816 Emz.
1813 2776 1866 2814 33
1912 2772 1968 2812 (16
2000 2785 2124 2812 muro

1251 2830 1465 2870 iactarier
1502 2827 1630 2870 Emz.
1663 2832 1716 2870 93
1757 2831 1922 2882 quibus
1962 2829 2016 2869 de
2056 2841 2123 2868 re·
2165 2861 2171 2866 .

1252 2889 1335 2928 bus
1377 2887 1509 2940 lapsa
1549 2887 1734 2927 fortuna
1779 2885 1961 2926 accidat
1996 2881 2124 2927 Erm.

1251 2946 1330 2985 371
1372 2943 1494 2996 picta
1534 2942 1588 2983 de
1628 2943 1750 2995 palla
1789 2943 1974 2995 plagam
2011 2939 2124 2982 Pac,

1250 3002 1305 3041 46
1336 3002 1462 3040 tenui
1502 2999 1556 3040 de
1595 2999 1691 3040 loco
1723 2997 1820 3042 Att.
1854 2999 1932 3040 341
1973 2997 2124 3038 lumen

1253 3057 1308 3096 (16
1340 3069 1420 3097 suo
1451 3056 1619 3096 lumine
1652 3055 1873 3096 accendat
1892 3051 2020 3095 Eun.
2042 3055 2123 3095 367

1252 3110 1310 3163 cf.
1345 3109 1490 3167 [Emi.
1515 3110 1616 3164 276]
1651 3113 1704 3151 (16
1737 3112 1830 3151 illis
1861 3111 2006 3151 merui
2025 3107 2124 3150 Att.

1256 3172 1334 3210 195
1369 3170 1423 3209 (16
1455 3171 1634 3220 integro
1665 3165 1780 3210 Pac.
1812 3170 1864 3208 92
1905 3167 2123 3218 deumque

1254 3226 1307 3265 de
1337 3226 1526 3266 consilio
1556 3221 1681 3264 E‘mz.
1716 3226 1797 3265 292
1829 3224 1953 3263 nilne
1986 3222 2044 3262 ad
2078 3227 2122 3262 te

1253 3283 1308 3322 de
1348 3282 1521 3322 iudicio
1562 3294 1733 3321 armum
1772 3279 1967 3320 accidit?
2006 3275 2121 3318 Pac.

1253 3341 1306 3379 34
1346 3339 1401 3378 (16
1441 3350 1590 3378 errore
1627 3339 1725 3377 eius
1771 3339 1968 3388 augurat
2008 3332 2121 3377 Pac.

1252 3397 1305 3435 78
1337 3393 1662 3448 perrogitando
1693 3424 1702 3432 .
1721 3423 1730 3432 .
1760 3393 1813 3432 de
1834 3392 1988 3445 gnatis
2008 3388 2122 3434 Pac.

1252 3452 1332 3491 316
1380 3451 1433 3491 (16
1473 3451 1590 3490 istoc
1630 3449 1780 3502 aperit
1825 3450 1929 3501 ipsa
1976 3448 2123 3488 oratio
2183 3497 2186 3500 ⁴

1251 3504 1364 3547 Pac.
1403 3509 1454 3547 92
1497 3507 1613 3558 quod
1655 3505 1710 3544 de
1760 3505 1855 3546 sole
1895 3508 2123 3544 ostentum
