2294 3844
836 209 1270 253 coltthAfflVM
1884 212 1995 253 Lxx

255 348 501 424 Ceterum
558 346 839 398 confictum
896 367 925 397 a
984 347 1189 398 rhetore
1240 346 1548 397 versiculum
1610 346 1802 398 habere
1851 367 2004 399 nemo

107 436 282 504 potuit
328 436 430 486 nisi
480 436 567 502 qui
618 455 711 487 nec
761 436 825 486 ad
874 437 1045 503 ipsam
1094 435 1531 502 disputationem,
1587 436 1650 485 ad
1707 456 1864 503 quam
1922 438 2005 487 ille

106 525 357 592 pertinet,
406 543 498 574 nec
550 525 767 575 omnino
817 524 880 574 ad
929 523 1195 574 Cornificii
1253 527 1420 573 artem
1470 542 1720 591 umquam
1771 526 2003 576 animum

105 614 431 664 attendisset.
513 614 611 673 Qui
655 613 865 679 ineptus
907 613 1112 679 fuisset,
1162 612 1205 662 si
1248 612 1312 662 ad
1354 612 1465 663 eius
1507 613 1843 680 potissimum
1885 615 2004 664 arti-

103 703 228 770 ficii,
270 720 372 769 quo
415 703 575 752 verba
616 702 668 752 in
703 701 958 751 memoria
998 701 1167 751 teneri
1209 700 1633 752 demonstratum
1675 702 1796 768 iret,
1837 720 2004 751 exem-

102 791 249 858 plum
283 791 459 841 nescio
503 809 658 857 quem
693 790 981 856 senarium,
1023 789 1334 840 mendosum
1373 790 1609 858 insuper,
1651 791 1819 841 invita
1853 789 2006 840 Musa

102 880 310 931 edolare
352 898 509 947 quam
545 899 571 928 e
607 896 826 929 scaenae
868 879 1234 946 promptuario
1272 883 1455 946 aptum
1490 883 1781 948 notumque
1815 879 2007 946 eligere

104 969 389 1019 maluisset.
470 967 607 1018 Nam
649 967 1092 1018 cur-elocutionis
1134 973 1415 1035 praecepta
1457 969 1587 1036 suis,
1637 986 1744 1018 non
1786 967 2006 1017 aliorum

101 1057 353 1124 exemplis
395 1057 776 1124 inlust-raverit,
826 1060 908 1106 sat
948 1056 1158 1123 copiose
1207 1057 1319 1124 ipse
1371 1058 1424 1108 111
1465 1057 1793 1124 praefatione
1835 1055 2008 1122 quarti

105 1145 224 1196 libri
266 1145 565 1196 declaravit.

253 1233 314 1285 V.
355 1235 439 1285 27.
513 1233 697 1285 Lucilii
747 1253 954 1285 versum
1004 1235 1058 1285 (J.
1100 1233 1168 1285 M.
1211 1233 1487 1285 Francken
1537 1235 1589 1285 in
1640 1234 2008 1285 (¹oniectaneis

102 1322 299 1372 criticis
348 1341 394 1388 p.
437 1324 507 1372 2⁴)
550 1322 688 1373 Ulixi
739 1324 926 1374 tribuit
978 1323 1192 1374 Graecis
1242 1323 1606 1390 exprobranti,
1655 1323 1792 1390 quod
1843 1323 2009 1373 invito

103 1411 508 1478 Agamemnone
556 1430 722 1478 paene
779 1431 940 1463 naves
996 1413 1450 1478 conscendissent,
1502 1416 1557 1463 ut
1605 1416 1685 1462 est
1732 1413 1784 1463 in
1828 1412 2009 1462 Iliadis

106 1500 240 1550 libro
263 1489 524 1550 secundo.

250 1587 311 1638 V.
345 1589 416 1639 4³⁸)
454 1609 526 1656 sq.
586 1592 729 1649 Quae
757 1590 1109 1641 Buechelerus
1151 1591 1429 1657 proposuit
1471 1591 1795 1641 senariorum
1842 1592 2009 1640 frusta

898 1698 1006 1731 non
1047 1680 1216 1730 multa
1255 1697 1462 1746 peccas,
1505 1680 1584 1729 set
1624 1683 1801 1730 tamen

633 1769 818 1835 peccas
854 1788 864 1819 :
900 1771 951 1819 te
992 1785 1172 1836 regere
1213 1770 1431 1835 possum

105 1856 232 1907 mihi
274 1875 380 1907 non
423 1858 552 1913 satis
593 1858 809 1908 faciunt.
872 1856 1011 1908 Nam
1053 1861 1106 1908 et
1146 1855 1414 1908 Ciceronis
1458 1858 1614 1908 verba
1656 1859 1890 1925 proxime
1932 1879 2007 1909 se-

105 1946 321 2012 quentia
363 1949 445 1995 ‘at
485 1963 583 2013 ego
619 1947 889 1997 verissime
931 1947 1150 1997 dixerim
1193 1964 1407 2012 peccare
1448 1950 1499 1996 te
1534 1946 1665 1997 nihil
1701 1966 1869 2015 neque
1901 1948 2007 1998 'ulla

107 2035 155 2084 in
206 2053 258 2083 re
309 2054 421 2084 esse
478 2034 803 2101 huiusmodi,
858 2038 916 2084 ut
971 2035 1315 2102 corrigendus
1373 2036 1548 2101 phtius
1605 2054 1763 2102 (luam
1821 2036 2008 2085 leniter

104 2123 450 2173 inflectendus
492 2140 604 2172 esse
647 2122 879 2173 videare’
924 2122 1163 2190 flagitare
1210 2124 1262 2173 in
1304 2128 1490 2190 poetae
1535 2124 1706 2174 verbis
1745 2125 1792 2175 sl
1832 2124 2005 2174 viden-

103 2214 211 2278 tur,
267 2214 319 2261 et
373 2211 510 2277 perit
567 2230 682 2262 meo
741 2230 896 2262 sensu
955 2212 1099 2278 lepos
1155 2216 1206 2262 et
1263 2230 1481 2262 acumen
1533 2212 1848 2277 sententiae,
1905 2212 2006 2261 nisi

105 2299 287 2350 eodem
337 2317 488 2350 versu
527 2318 705 2366 peccas
752 2300 880 2350 illud
929 2300 1197 2366 repetitur.
1285 2300 1653 2368 Septenarium
1708 2300 2007 2366 iambicum,

103 2389 249 2440 cuius
299 2389 354 2439 in
403 2389 747 2439 adnotatione
795 2389 1094 2455 exemplum
1144 2389 1416 2456 proposui,
1465 2390 1622 2439 etiam
1674 2389 1745 2439 sic
1799 2389 2005 2455 explere

106 2482 370 2544 poteram,
411 2481 469 2528 ut
510 2477 683 2528 media
721 2479 801 2528 sin
845 2482 1012 2528 ta‘nzen
1052 2478 1351 2528 insererem.

251 2566 314 2617 V.
357 2567 422 2617 67
470 2585 542 2633 sq.
623 2565 686 2616 In
727 2565 1014 2616 octonariis
1056 2565 1296 2616 iambicis
1337 2565 1644 2617 Buecheleri

1140 2655 1465 2721 ignominiae
1506 2672 1675 2705 nouae

301 2745 478 2817 dolore
520 2744 688 2795 uictor
728 2742 964 2794 insolens
1006 2762 1059 2793 se
1100 2741 1303 2794 uictum
1343 2762 1451 2794 11011
1492 2741 1668 2810 potm't
1708 2743 1817 2809 pati

108 2831 298 2883 idonea
339 2833 777 2899 interpretatione
810 2835 954 2883 caret
995 2832 1223 2883 insolens.
1281 2831 1461 2882 Potuit
1497 2832 1637 2882 enim
1671 2831 2008 2898 ignominiae,

104 2939 211 2971 non
250 2921 425 2987 potuit
465 2939 630 2972 novae
671 2921 995 2988 ignominiae
1043 2920 1277 2971 insolens
1320 2921 1484 2971 victor
1530 2914 1712 2971 dolore
1755 2926 2000 2987 acceptae

110 3009 345 3060 adfectus
387 3008 502 3060 dici.

252 3096 330 3148 De
370 3098 608 3149 versibus
649 3099 733 3149 42.
774 3097 858 3149 54.
900 3098 965 3147 81
1010 3115 1057 3163 p.
1098 3095 1246 3163 XXI,
1287 3095 1349 3146 de
1393 3096 1459 3147 73
1500 3115 1547 3163 p.
1588 3095 1688 3147 XX
1728 3097 1848 3148 dixi.

250 3185 314 3237 V.
355 3186 426 3237 90
475 3186 746 3238 irateruasz’t
792 3185 1112 3253 optimorum
1160 3185 1417 3236 librorum
1465 3185 1779 3251 scripturam
1827 3188 2003 3235 tuetur

113 3274 462 3326 Buechelerus
503 3273 822 3341 comparatis
863 3274 1180 3324 intervenire
1228 3273 1549 3324 intercedere
1591 3273 1807 3323 interire
1848 3273 2005 3322 inter-

110 3363 272 3414 bitere
313 3364 655 3415 intervertere
694 3363 1013 3429 interpolare
1047 3362 1241 3428 verbis,
1284 3380 1505 3428 quorum
1546 3365 1725 3410 tamen
1759 3361 2005 3428 analogia

109 3470 217 3502 non
272 3453 401 3502 satis
449 3453 619 3502 facere
675 3452 879 3502 videtur
921 3471 930 3501 :
974 3450 1256 3518 sufficeret,
1312 3451 1355 3500 si
1406 3450 1699 3500 e'ntet·ena.s·e't
1751 3448 2006 3498 traditum

110 3543 250 3590 esset
289 3543 342 3590 et
381 3557 474 3606 per
512 3558 759 3591 numeros
798 3539 925 3590 ferri
964 3542 1157 3605 posset,

194 3647 384 3678 anncx.
412 3647 540 3679 Scaea.
568 3649 701 3687 fragm.
1630 3653 1652 3676 e
