2294 3844
193 219 262 271 62
989 218 1041 268 Q.
1074 216 1295 258 ENNIVs

195 350 298 400 317
340 347 466 400 Non
506 348 648 416 potis
689 347 880 399 accedi.

989 443 1016 472 2i=
1273 441 1301 471 >lt

1130 478 1159 508 ss

193 540 295 592 321
973 609 976 612 ⁴
1250 536 1339 605 qui
1380 536 1535 588 alteri
1575 536 1794 589 exitium
1833 541 2011 606 parat,

343 635 483 688 Eum
531 634 665 688 seire
717 638 952 704 oportet,
1007 632 1111 685 sibi
1158 636 1407 702 paratum
1454 634 1660 702 pestem
1714 636 1775 684 ut
1820 634 2105 702 participet

1402 746 1602 798 parem.

992 826 1021 857 ἧς
1276 824 1306 855 a<

1134 861 1163 893 ἧς

998 936 1290 989 Patricoles

346 1035 611 1104 Eloquere
653 1036 897 1103 eloquere
938 1036 1021 1085 res
1059 1033 1325 1102 Argiuum
1365 1032 1568 1100 proelio
1609 1034 1669 1083 ut
1708 1050 1762 1083 se
1804 1032 2046 1084 stistinet.

993 1144 1298 1213 Eurypylus

345 1241 471 1294 Non
510 1243 652 1310 potis
692 1243 853 1293 ecfari
892 1243 1105 1293 tantum
1139 1240 1292 1291 dictis
1301 1282 1315 1308 ,
1355 1239 1616 1307 quantum
1655 1239 1813 1291 factis
1853 1241 2105 1309 suppetit.

1135 1374 1164 1404 >k

199 1436 306 1487 3:25
347 1435 469 1487 ‘Vbi
510 1435 728 1487 fortuna
767 1434 1016 1486 Hectoris
1063 1436 1304 1485 nostram
1353 1451 1528 1484 acrem
1575 1433 1743 1485 aciem
1790 1433 2104 1486 inclinatam

1410 1526 1593 1599 [dedit]

200 1694 320 1721 nem
354 1682 666 1721 exercitum
697 1679 826 1720 uide
861 1692 1014 1732 quam
1049 1691 1154 1718 non
1196 1677 1482 1719 flebiliter
1519 1676 1890 1730 respondeat’
1924 1676 2111 1729 (Certe

199 1738 535 1790 Eurypylus
574 1737 663 1777 hic
709 1736 924 1789 quidem
972 1739 1055 1775 est
1098 1735 1369 1774 hominem
1410 1734 1724 1774 exercitum
1763 1733 1856 1773 ubi
1900 1738 2109 1775 tantum

199 1794 387 1833 luctus
422 1796 793 1834 continuatur
824 1793 941 1839 libri,
978 1792 1068 1832 nisi
1090 1791 1205 1844 quod
1240 1791 1614 1831 exercitatum
1645 1790 1781 1830 Bern.
1803 1795 1848 1830 et
1870 1789 1951 1830 alii
1982 1791 2110 1833 codd.

202 1851 312 1890 boni
353 1855 471 1891 teste
514 1850 699 1891 Orellio.
767 1849 974 1889 luctum
1015 1848 1381 1888 continuatus
1419 1847 1531 1900 Reg.
1570 1847 1687 1889 Gud.
1726 1847 1864 1887 Brux.
1960 1848 2112 1888 Verba

201 1912 354 1947 certe
516 1907 826 1946 exercitum
857 1905 1068 1945 Patroclo
1109 1903 1234 1944 dedit
1272 1903 1536 1955 Bentleius,
1575 1904 1685 1943 item
1724 1902 1875 1943 deleto
1915 1908 1999 1943 est
2037 1904 2114 1944 Ti-

205 1964 405 2004 seherus.
481 1967 633 2004 certe
681 1963 1000 2015 Eurypylus
1052 1961 1142 2000 hic
1188 1961 1416 2012 quidem.
1486 1961 1588 2000 beu
1634 1961 1962 2012 exercitum,
2009 1961 2112 2002 Vbi

201 2025 421 2060 tantum
453 2021 642 2061 luctus
676 2020 1069 2059 continuatur!
1113 2021 1164 2057 ut
1184 2016 1388 2057 Patrocli
1417 2017 1557 2058 uerba
1577 2015 1849 2069 placuerunt
1870 2015 2112 2069 Seyfferto.

212 2077 285 2116 Me
319 2077 365 2115 in
397 2076 665 2130 separandis
698 2081 864 2128 poetae
896 2075 1050 2115 uerbis
1082 2078 1266 2114 secutus
1288 2073 1526 2114 Vahlenus
1556 2072 1794 2114 Ciceronis
1824 2072 1926 2113 cola
1954 2072 2116 2114 ultima

213 2134 280 2172 sic
315 2133 638 2174 conformauit:
675 2132 949 2172 hominem
983 2131 1311 2170 exercitum!
1343 2131 1438 2170 ubi
1469 2129 1691 2170 tandem
1723 2129 1905 2170 luctus
1937 2131 2111 2170 conti·

210 2194 359 2230 nuat.
410 2191 537 2230 uide
571 2203 607 2232 e,
641 2201 682 2241 q.
718 2201 752 2228 s.
793 2188 885 2227 Alii
916 2187 1009 2228 alia
1040 2186 1330 2239 protulerunt
1360 2186 1514 2239 rudia,
1549 2187 1764 2232 obscura,
1798 2186 2116 2239 incommoda.)

210 2250 222 2268 ‘
243 2247 468 2286 rationem
502 2247 637 2287 etiam
671 2245 878 2292 adferat,
920 2257 1001 2284 cur
1037 2256 1183 2296 aequo
1216 2244 1366 2283 animo
1396 2243 1483 2284 sibi
1517 2242 1749 2283 ferendum
1785 2243 1869 2282 sit:
1910 2243 2001 2294 qui
2039 2242 2115 2283 al-

203 2303 322 2342 teri
449 2316 648 2355 parem.
708 2301 914 2342 Abducet
943 2300 1222 2346 Patricoles,
1265 2299 1422 2349 credo,
1459 2304 1511 2339 ut
1543 2299 1748 2339 conlocet
1788 2299 1834 2337 in
1867 2299 2026 2350 cubili,
2063 2304 2116 2340 ut

204 2359 369 2400 uolnus
401 2359 587 2412 obliget,
639 2360 677 2398 si
710 2358 890 2410 quidem
920 2357 1054 2397 homo
1086 2361 1222 2406 esset,
1255 2356 1333 2395 sed
1365 2355 1479 2395 nihil
1511 2356 1607 2394 uidi
1638 2356 1822 2394 minus.’
1853 2354 1939 2405 (sic
1961 2357 2112 2397 Victo-

203 2416 322 2454 rius:
351 2415 592 2454 uidimus
625 2412 763 2466 libri.)
807 2413 1015 2463 ‘Quaerit
1036 2413 1155 2452 enim
1175 2412 1280 2464 quid
1303 2417 1455 2451 actum
1481 2413 1561 2451 sit:
1595 2411 1859 2464 eloquere
1889 2442 1899 2452 .
1919 2443 1957 2453 ..
1987 2425 2112 2465 sup-

201 2472 365 2523 petit.
426 2472 645 2512 Laberis’
687 2468 773 2523 (sic
805 2469 1055 2509 Bentleius.
1088 2468 1307 2508 laboris
1340 2466 1488 2519 libri):
1532 2468 1739 2520 ‘quiesce
1771 2468 1914 2520 igitur
1945 2473 1990 2508 et
2019 2469 2114 2509 uol-

122 2566 137 2579 ,
203 2539 287 2566 nus
323 2527 503 2581 alliga.’
564 2526 833 2579 (Laberis
873 2557 882 2565 .
908 2557 917 2566 .
945 2556 954 2565 .
994 2525 1200 2577 alliga:
1241 2529 1367 2564 tace
1407 2524 1617 2564 Patroclo
1657 2524 1820 2564 tribuit
1856 2524 2112 2565 Bentleius.

204 2584 457 2624 Laboris.
500 2584 573 2624 Pa
581 2613 773 2623 ......
812 2583 1045 2635 quiesce
1079 2586 1131 2622 et
1169 2581 1371 2621 uolnus
1412 2580 1590 2633 alliga
1622 2581 1911 2621 Hermannus
1942 2581 2112 2635 opusc·

206 2641 243 2678 V
280 2642 360 2680 143
401 2640 661 2680 Laboris.
701 2640 791 2679 Pa.
849 2638 924 2678 Tu
966 2639 1196 2691 quiesce
1237 2637 1416 2690 igitur
1455 2642 1508 2677 et
1543 2637 1742 2677 uolnus
1783 2636 2113 2690 alligauero

209 2695 440 2748 Bergkius
471 2696 499 2735 l.
531 2696 560 2739 l,
593 2696 808 2736 laboris
840 2699 1028 2748 poetae,
1065 2694 1244 2746 reliqua
1276 2692 1488 2735 Ciceroni
1519 2694 1758 2734 ascribunt
1790 2694 1988 2735 editores
2017 2694 2112 2748 ple-

206 2751 370 2804 rique.)
415 2752 594 2792 ‘Etiam
627 2753 665 2792 si
686 2751 945 2805 Eurypylus
978 2755 1149 2804 posset,
1181 2763 1269 2790 non
1293 2754 1450 2803 posset
1471 2751 1700 2803 Aesopus:
1733 2750 1826 2789 ubi
1857 2751 2112 2791 fortuna'

209 2822 245 2851 e.
271 2822 315 2861 q.
343 2821 377 2851 s.
414 2813 488 2849 ‘et
520 2814 674 2849 cetera
708 2809 910 2861 explieat
940 2808 988 2847 in
1019 2807 1206 2850 dolore)
1247 2807 1373 2846 Idem
1405 2812 1521 2851 orat.
1552 2808 1621 2857 46,
1644 2808 1723 2848 155
1756 2807 1941 2860 ‘itaque
1971 2807 2111 2848 idem

206 2869 401 2916 poeta,
444 2867 520 2917 qui
559 2866 826 2905 inusitatius
866 2868 1185 2905 contraxerat:
1230 2864 1376 2916 patris
1413 2864 1504 2904 mei
1545 2877 1692 2904 meum
1738 2863 1911 2904 factum
1956 2863 2112 2917 pudet,

206 2934 310 2973 pro:
345 2934 543 2961 meorum
576 2922 824 2972 factorum,
859 2926 926 2961 et:
967 2922 1152 2971 texitur,
1186 2920 1375 2960 exitium
1409 2933 1601 2960 examen
1631 2919 1773 2973 rapit,
1805 2933 1909 2972 pro:
1951 2919 2111 2960 exitio-

206 2991 328 3029 rum,
362 2991 451 3018 non
483 2978 592 3017 dicit
624 2978 809 3019 liberum
846 3009 855 3017 .
880 3008 890 3018 .
916 3008 926 3019 .
965 2977 1046 3017 sed
1077 2982 1127 3018 ut
1156 2977 1236 3016 isti
1266 2975 1451 3017 uolunt:
1491 2987 1639 3029 neque
1671 2981 1795 3016 tuum
1823 2989 2035 3028 umquam
2064 2976 2111 3015 in

348 3155 449 3202 322
490 3149 694 3217 oportet]
736 3170 862 3216 opus,
888 3163 957 3202 est
987 3156 1260 3213 Bentleius,
1299 3157 1503 3201 uariare
1537 3155 1758 3201 hocloco
1785 3154 1974 3200 Dauisii
2008 3155 2110 3200 cod.

206 3233 411 3284 testans,
453 3241 741 3286 quamquam
770 3234 951 3272 certam
978 3230 1272 3284 scripturam
1299 3225 1499 3284 assequi
1520 3239 1613 3269 non
1649 3227 1874 3283 potuerit.
1986 3238 2111 3283 para-

206 3305 296 3341 tum
328 3297 574 3342 Bentleius
598 3303 793 3357 paratam
819 3298 932 3342 libri
1020 3296 1121 3343 323
1149 3296 1364 3355 eloquere
1391 3295 1605 3354 eloquere
1634 3295 1752 3340 Gud.
1781 3294 1943 3340 Bruoe.
1972 3294 2108 3353 Rey„

206 3369 360 3412 sedin
388 3369 478 3412 hoc
506 3370 708 3413 alterum
743 3368 833 3412 del.
876 3367 1109 3426 eloquere,
1148 3369 1308 3424 semel,
1348 3368 1500 3410 ceteri
1534 3365 1647 3410 libri
1681 3364 1894 3424 eloquere
1921 3378 2112 3424 propere

205 3438 448 3497 Berylcius
472 3440 502 3483 l.
529 3440 561 3483 Ζ.
662 3437 932 3497 Argiuorum
960 3437 1210 3482 Bentleius
1318 3435 1418 3482 324
1453 3449 1541 3480 non
1567 3435 1689 3494 potis
1716 3434 1851 3479 ecfari
1879 3432 2113 3480 Dauisius

205 3521 294 3551 non
323 3514 472 3567 potest
511 3508 643 3553 ecfari
671 3508 831 3553 Brux.
873 3520 962 3552 non
1002 3514 1152 3565 potest
1191 3506 1406 3552 haecfari
1436 3506 1557 3551 Gud.
1584 3505 1700 3564 Rey.
1811 3511 1984 3549 tantum
2021 3519 2109 3551 om.

206 3577 456 3622 Bentleius
564 3577 662 3623 325
703 3592 843 3622 neren]
886 3593 971 3622 om.
1001 3578 1092 3622 cluo
1123 3576 1297 3635 Oxou„
1326 3577 1591 3635 BentleiuS,
1628 3575 1840 3634 defendit
1868 3575 2110 3634 Berylcius
