2294 3844
950 251 1008 294 M.
1045 250 1340 291 Ponvws
1996 245 2095 295 123

855 381 932 433 IX
976 379 1147 450 (Arm.
1189 380 1293 432 iud.
1340 378 1428 447 15)

193 483 302 533 360
341 479 568 532 Pandite
609 480 816 546 ualuas,
860 476 1147 548 [renloucte
1189 495 1354 543 seras7

340 574 434 647 Vt]
479 576 824 644 complectar!

341 770 497 822 Nunc
539 766 772 838 primum
813 770 1006 836 opacat
1046 767 1175 817 1113111
1216 765 1416 833 lanugo
1458 782 1638 830 genas.

1062 862 1133 913 xl
1164 860 1246 931 (6)

342 1006 351 1015 .
393 1006 402 1014 .
446 1005 454 1013 .
497 1005 505 1013 .
546 964 687 1013 terra
728 961 903 1012 exalat
944 964 1127 1011 auram
1169 958 1234 1009 ad
1276 976 1522 1009 auroram
1566 957 1815 1009 timidam.

896 1055 998 1108 XII
1043 1055 1251 1125 (Dulor.
1293 1052 1388 1122 39)

342 1155 670 1224 Graiugena:
712 1154 774 1205 de
816 1154 950 1206 istoc
991 1152 1162 1221 aperit
1201 1152 1317 1220 ipsa
1359 1151 1545 1202 oratii).

328 1324 333 1329 .
980 1248 1144 1300 XIIIa
1186 1246 1306 1317 (22)

199 1351 306 1403 365
349 1348 565 1401 Solatur
607 1347 892 1400 auxiliatur
930 1346 1281 1413 hortaturque
1323 1363 1419 1394 mc.

985 1439 1150 1493 xmb
1192 1437 1312 1510 (38)

1040 1537 1265 1606 Pylades

196 1641 334 1693 365ι
377 1639 511 1708 'Ego
555 1657 671 1690 sum
711 1636 940 1690 Orestes,
2040 1647 2102 1676 125

310 1803 374 1844 IX
402 1803 569 1843 Festus
598 1815 638 1854 p.
662 1802 743 1841 282
765 1801 824 1843 Μ.
860 1797 997 1855 ‘[res
1015 1800 1161 1839 erari
1192 1828 1316 1838 .....
1348 1795 1431 1849 ait]
1467 1796 1558 1836 dici
1582 1797 1639 1836 ab
1665 1811 1731 1846 eo,
1767 1796 1884 1848 quod
1908 1794 2105 1847 re[1nota

199 1874 301 1901 sera
333 1873 360 1900 a
399 1859 566 1899 ianuae
609 1855 820 1911 card]ine
862 1856 1084 1910 patefiant
1124 1851 1269 1908 [fores
1308 1876 1359 1881 —
1395 1875 1446 1881 -
1478 1850 1627 1907 sorae]
1668 1866 1858 1906 namque
1892 1853 2106 1892 dicuntur

198 1918 357 1962 fustes,
392 1913 490 1969 [qui
523 1919 813 1968 opponuntur
835 1911 1026 1965 clausis]
1062 1913 1253 1953 foribus,
1296 1911 1577 1950 Pacuuius
1608 1911 1661 1949 in
1692 1939 2097 1951 ...............

200 1973 459 2027 pandite’
495 1985 532 2012 e.
564 1985 606 2024 q.
643 1984 675 2012 s.
709 1971 1010 2023 (Pacuuius
1049 1969 1104 2008 in
1137 1967 1417 2007 Armorum
1449 1966 1665 2007 iudicio
1699 1966 1908 2015 Vrsinus)
1960 1966 2105 2005 Tecu-

200 2042 394 2070 messam
422 2031 469 2068 in
499 2029 731 2068 Armorum
764 2027 933 2067 iudicio
964 2026 1288 2066 lamentantem
1316 2036 1564 2075 agnoscere
1595 2024 1684 2063 sibi
1720 2024 1847 2063 uisus
1885 2026 1955 2062 est
1983 2023 2105 2062 Vrsi-

200 2099 283 2126 nus
444 2086 485 2124 X
525 2084 657 2123 Pauli
699 2084 860 2124 Festus
899 2097 940 2135 p.
975 2085 1029 2123 94
1068 2084 1126 2122 M.
1171 2080 1428 2120 ‘Pacuuius
1467 2093 1638 2132 genas
1680 2084 1814 2133 putat
1855 2091 1977 2128 esse,
2018 2092 2106 2130 qua

199 2143 344 2183 barba
375 2142 565 2194 primum
597 2141 753 2190 oritur,
786 2140 870 2179 hoc
902 2152 1038 2180 uersu
1070 2168 1106 2177 ..
1126 2140 1160 2178 .’
1206 2137 1275 2176 De
1309 2135 1660 2188 Parthenopaeo
1691 2139 1738 2175 in
1761 2135 1983 2175 Atalanta
2015 2135 2106 2173 dic-

200 2204 294 2240 tum
326 2198 530 2238 uidetur:
572 2198 631 2240 cf.
665 2196 880 2248 Aeschyli
913 2196 1037 2248 Sept.
1073 2196 1155 2235 534
1185 2192 1360 2245 στείχει
1401 2185 1447 2232 δ’
1492 2191 1649 2240 ἴουλος
1682 2185 1786 2244 ἄρτι
1820 2186 1903 2232 διὰ
1934 2190 2106 2243 παρηί-

201 2255 312 2297 δων.
436 2254 498 2294 xl
533 2254 674 2294 Varro
708 2253 761 2293 de
795 2253 822 2292 l.
860 2254 910 2293 L.
945 2254 984 2292 V
1015 2253 1069 2291 24
1101 2252 1161 2292 M.
1205 2249 1423 2288 ‘humor
1461 2249 1589 2295 hinc,
1629 2249 1785 2301 itaque
1826 2248 1926 2289 ideo
1966 2248 2103 2287 Luci-

200 2313 308 2352 lius:
355 2315 475 2351 terra
512 2311 611 2350 abit
648 2311 695 2349 in
736 2309 910 2349 nimbos
955 2309 1248 2360 imbremque.
1314 2306 1617 2346 Pacuuius:
1664 2310 1816 2345 terra
1853 2336 1862 2344 .
1889 2336 1899 2345 .
1925 2336 1934 2344 .
1970 2304 2105 2343 umi-

203 2369 339 2418 dam,
379 2367 670 2407 humectam.’
815 2367 901 2406 XII
942 2364 1101 2405 Cicero
1141 2364 1194 2404 de
1236 2367 1331 2404 nat.
1372 2362 1492 2403 deor.
1531 2362 1576 2403 ΙΙ
1608 2364 1681 2407 36,
1713 2364 1762 2402 91
1807 2361 2103 2412 ‘dicaturque

200 2430 293 2465 tam
326 2424 488 2464 aether
516 2423 682 2464 Latine
717 2436 848 2476 quam
880 2422 1047 2462 dicitur
1077 2422 1170 2470 a’er,
1202 2419 1291 2460 etsi
1319 2420 1649 2471 interpretatur
1669 2419 1900 2459 Pacuuius
1929 2415 2106 2470 [Chrys.

201 2480 274 2535 89]
311 2481 443 2534 quasi
480 2493 588 2521 uero
627 2493 717 2520 non
749 2479 913 2520 Graius
954 2479 1038 2518 hoc
1077 2477 1210 2517 dicat.
1269 2477 1329 2516 At
1362 2477 1528 2515 Latine
1568 2476 1783 2527 loquitur.
1837 2475 1884 2514 Si
1923 2473 2105 2526 quidem

201 2551 283 2578 nos
329 2551 418 2577 non
464 2537 595 2589 quasi
637 2536 812 2577 Graece
859 2535 1121 2587 loquentem
1170 2533 1426 2573 audiamus.
1491 2533 1641 2572 Docet
1686 2532 1804 2571 idem
1845 2530 1936 2571 alio
1983 2530 2103 2569 loco:

202 2595 496 2646 Graiugena'
528 2607 566 2635 e.
600 2606 641 2645 q.
677 2606 712 2633 s.
764 2591 928 2642 (Deest
958 2592 1034 2631 hic
1065 2591 1192 2631 locus
1231 2591 1276 2630 in
1308 2589 1441 2630 vind.
1485 2593 1530 2629 et
1559 2588 1672 2641 Pal.)
1735 2587 1941 2638 Quadrat
1972 2587 2105 2626 Euri-

202 2651 322 2705 pidis
353 2650 661 2703 lphig.Tau1-‚
692 2663 735 2689 u.
759 2641 1108 2701 236Ἕ11ηνες·
1140 2640 1194 2687 ἓν
1226 2638 1354 2687 τοῦτ’
1390 2640 1523 2695 οἶδα,
1558 2640 1644 2686 κού
1674 2639 1955 2697 περαιτέρω,
1988 2643 2105 2683 unde

203 2707 461 2748 coniectura
492 2707 577 2746 hoc
611 2707 664 2746 fr.
699 2706 778 2746 alii
811 2706 867 2745 ad
894 2705 1180 2745 Dulorestem
1212 2703 1511 2751 rettulerunt,
1542 2703 1637 2755 ipse
1671 2715 1789 2741 nunc
1823 2701 1878 2740 ad
1901 2700 2107 2751 Chrysen

204 2764 436 2817 pertinere
471 2768 596 2815 puto.
739 2763 878 2802 X111³
908 2763 1075 2802 Festus
1113 2774 1153 2812 p.
1186 2762 1266 2801 301
1295 2759 1354 2799 M.
1389 2759 1593 2799 ‘solari
1632 2759 1729 2798 sine
1769 2757 2108 2810 praepositione

205 2821 377 2861 dixisse
418 2820 634 2872 antiquos
674 2819 809 2859 testis
850 2822 920 2858 est
958 2818 1211 2867 Pacuuius,
1253 2829 1352 2856 curn
1385 2817 1470 2855 ait:
1512 2813 1711 2855 solatur'
1745 2827 1781 2856 e.
1817 2827 1859 2867 q.
1893 2826 1928 2855 s.

203 2875 347 2918 XIIIb
388 2876 551 2916 Cicero
591 2875 646 2915 de
685 2874 758 2915 fin.
795 2875 832 2914 V
863 2877 939 2925 22,
970 2877 1023 2915 63
1063 2874 1159 2925 ‘qui
1198 2872 1414 2913 clamores
1453 2871 1582 2924 uulgi
1621 2876 1759 2922 atque
1797 2869 2106 2922 imperitorum

206 2933 467 2974 excitantur
498 2933 543 2971 in
577 2932 797 2982 theatris,
838 2945 937 2971 cum
969 2930 1050 2970 illa
1082 2930 1316 2970 dicuntur:
1358 2942 1457 2982 ego
1491 2941 1601 2968 sum
1635 2928 1891 2979 Orestes,
1925 2929 2106 2966 contra·

206 3003 293 3041 que
327 2990 384 3029 ab
407 2988 576 3029 altero:
609 2989 789 3028 immo'
824 3001 860 3028 e.
892 3001 931 3040 q.
963 3000 998 3030 s,
1043 2985 1181 3026 ‘Cum
1215 2990 1358 3025 autem
1391 2985 1529 3026 etiam
1561 2985 1742 3024 exitus
1776 2984 1839 3023 ab
1870 2987 2106 3035 utroque

206 3046 369 3086 datur
408 3045 742 3085 conturbato
776 3045 1109 3096 errantique
1149 3043 1291 3095 regi:
1335 3043 1517 3082 ambo’
1552 3055 1589 3082 e.
1613 3054 1652 3093 q.
1678 3054 1713 3080 s.
1756 3040 1989 3092 ‘quotiens
2022 3039 2106 3078 hoc

349 3195 451 3241 360
487 3209 556 3254 sq.
595 3198 827 3238 101110110ῑο
866 3207 1010 3249 seras,
1053 3198 1102 3236 ut
1130 3192 1360 3251 Scaliqer.
1402 3192 1519 3236 nihil
1555 3196 1765 3248 apparet
1802 3192 1850 3234 in
1878 3189 2039 3235 codice

209 3265 308 3312 362
348 3265 458 3310 ssora
486 3265 730 3324 Scaliyer:
768 3264 831 3322 cf.
859 3265 954 3308 All.
983 3261 1082 3308 246
1124 3261 1234 3307 ssore
1271 3263 1383 3307 libri
1499 3260 1598 3306 363
1639 3259 1780 3304 exalat
1818 3260 1951 3305 Flor.
1994 3263 2108 3302 leste

219 3337 552 3391 W'ilmannszb,
603 3335 771 3380 Haun.
812 3332 1041 3378 exhalabat
1079 3334 1181 3378 cod.
1229 3333 1267 3376 B
1305 3331 1478 3377 exhalat
1516 3334 1667 3376 ceteri
1701 3330 1810 3374 libri
1847 3330 1912 3387 cf.
1952 3328 2105 3372 Lach-

207 3420 412 3451 manmcs
449 3409 495 3450 in
534 3405 677 3451 Lucr.
706 3404 795 3450 III
810 3404 910 3450 431
1021 3410 1064 3447 at
1090 3404 1256 3449 Haun.
1295 3408 1429 3462 atque
1467 3404 1618 3447 celeri
1723 3413 1880 3443 aurora
1907 3399 2108 3443 Bollzius

314 3475 538 3520 humidam
573 3476 686 3520 libri
799 3473 984 3519 Exhalat
1020 3487 1171 3518 auram
1213 3480 1329 3517 terra
1368 3472 1420 3516 ah
1457 3485 1616 3517 aurora
1655 3469 1876 3514 humidam
1917 3469 2109 3512 Grotius

211 3544 336 3590 Bibl.
377 3549 484 3590 crit.
523 3561 632 3592 nou.
659 3545 742 3591 IV
875 3543 976 3591 364
1014 3545 1130 3588 istoc
1168 3544 1370 3589 Bothz'us
1407 3543 1491 3586 ista
1528 3542 1633 3587 Erl.
1673 3540 1760 3584 isto
1800 3541 1948 3583 ceteri
1981 3538 2106 3582 libri.

211 3616 283 3658 An
321 3615 472 3660 istod?
581 3616 874 3676 Graiugenam
913 3614 988 3659 ted
1027 3627 1124 3659 esse
1163 3614 1305 3673 aperit
1345 3613 1535 3659 Grotius
