2294 3844
218 245 316 294 142
468 295 471 297 ,
786 208 790 211 .
1008 245 1060 283 L.
1096 242 1310 284 ATTIVS

366 375 510 436 Quae
555 375 673 425 eum
714 392 1027 442 componas,
1068 372 1211 425 dicta
1250 372 1408 424 factis
1449 370 1769 440 discrepant.

1013 497 1343 551 ERIGONA

1100 594 1125 645 Ι
1168 592 1251 664 (ὃ)

365 685 657 737 Locrorum
696 685 801 736 late
843 682 1035 735 uiridia
1077 686 1130 735 et
1169 683 1387 752 frugum
1427 683 1591 734 libera

256 872 327 923 50
366 870 649 922 Adsentio:
691 888 789 939 age
829 887 972 921 nunc
1012 872 1072 920 tu
1111 871 1261 919 tuam
1300 868 1613 936 progeniem
1635 849 1833 936 'profer
1873 868 2072 920 ordine.

368 1055 652 1124 Hospitem
693 1056 991 1124 depositam
1030 1054 1341 1105 interimes?

371 1241 522 1302 Quod
562 1241 768 1292 utinam
808 1260 891 1292 me
933 1238 1043 1291 suis
1085 1238 1390 1307 arquitenes
1429 1239 1550 1290 telis
1591 1242 1878 1292 mactasset
1916 1234 2034 1293 dea!

373 1427 509 1478 Tum
560 1429 737 1477 autem
778 1424 1071 1493 Aegisthus
1121 1423 1170 1475 ss
1214 1424 1333 1475 med
1390 1425 1574 1476 eodem
1628 1427 1766 1478 lecto
1822 1382 2130 1496 cbeyfiitasset

1549 1523 1713 1590 patri!

1071 1594 1150 1646 VI
1191 1593 1274 1664 (8)

370 1684 471 1737 Sed
511 1685 602 1736 ubi
643 1686 708 1736 ad
749 1686 910 1736 finem
949 1685 1171 1735 uentum
1212 1688 1291 1734 est
1332 1703 1435 1752 quo
1477 1685 1628 1736 illum
1668 1686 1778 1736 fors
1813 1687 2129 1754 expectabit
2208 1693 2213 1699 '

1549 1783 1682 1850 loco,

258 1878 327 1930 55
365 1877 570 1946 'Adque
596 1876 839 1928 Orestem
873 1878 1053 1946 grauis
1088 1877 1333 1929 sacerdos
1359 1877 1500 1929 ferro
1526 1882 1777 1946 prompto
1806 1877 2128 1947 adstituerat

333 2011 552 2050 ERIGONA
583 2010 604 2050 I
636 2011 751 2051 Non.
784 2012 887 2057 498,
921 2014 945 2051 5
987 2012 1319 2063 ‘genetiuus
1358 2011 1534 2061 positus
1572 2024 1652 2064 pro
1693 2012 1900 2052 ablatiuo
1938 2012 2014 2052 uel
2047 2012 2130 2052 ad-

219 2068 425 2108 uerbium
456 2068 548 2108 loci
584 2098 593 2106 .
619 2097 629 2107 .
654 2071 690 2107 ‚⁷
739 2067 1011 2119 (Erigena
1041 2067 1217 2121 Banab.)
1353 2069 1400 2108 II
1430 2068 1544 2108 Non.
1577 2070 1683 2121 469,
1720 2070 1771 2109 18
1811 2069 2124 2109 ‘adsensit’

222 2123 508 2173 (adsentit
541 2123 718 2175 Bamb.)
754 2127 851 2163 ‘est
884 2128 928 2164 et
958 2125 1204 2176 passiuum.
1255 2124 1416 2164 Accius
1448 2124 1747 2176 Neoptolemo
1780 2157 1814 2165 ..
1835 2156 1844 2164 .
1873 2125 1996 2164 idem
2025 2125 2130 2164 Eri-

222 2193 341 2232 gona
371 2184 463 2221 ...²
556 2181 627 2220 III
658 2181 770 2220 Non.
804 2183 900 2232 279,
937 2183 985 2220 11
1021 2181 1329 2233 ‘deponere
1362 2185 1432 2221 est
1465 2181 1819 2222 commenda1·e.'
1917 2183 1979 2222 IV
2009 2181 2125 2222 Non.

220 2239 323 2288 341,
357 2240 409 2277 25
442 2241 709 2277 ‘mactare
745 2241 813 2276 est
844 2237 1080 2277 immolare
1111 2269 1119 2277 .
1147 2269 1156 2278 .
1182 2240 1218 2277 ‚²
1355 2238 1392 2276 V
1423 2238 1537 2277 Non.
1568 2240 1645 2288 85,
1680 2239 1731 2277 14
1763 2239 2128 2278 ‘comitasset

221 2307 300 2345 pro
334 2294 597 2334 eobuisset.’
646 2283 1271 2344 (cobitassetJSalmasius
1303 2294 1463 2337 Exere.
1495 2293 1609 2336 Plin.
1642 2308 1683 2346 p.
1717 2296 1799 2335 825
1900 2295 2128 2335 cubuis-

221 2355 306 2389 set
337 2351 496 2392 Eamb.
528 2352 635 2390 Tur.
669 2351 1074 2391 concubuisset
1105 2352 1256 2391 Vatic.
1289 2352 1418 2402 2916)
1516 2350 1577 2391 VI
1606 2351 1722 2395 Non,
1753 2353 1851 2404 315,
1887 2353 1939 2391 10
1976 2355 2130 2403 ‘gra-

220 2420 310 2457 ue,
343 2407 511 2447 triste.’

365 2541 430 2586 49
470 2540 715 2586 Locrorum
756 2542 857 2586 edd.
899 2541 1135 2586 locronum
1162 2544 1273 2587 libri
1308 2542 1510 2586 locorum
1538 2541 1741 2587 Bolbius
1765 2541 1971 2586 lucorum
1998 2543 2126 2588 Bue-

223 2613 446 2656 elzelerus
559 2611 672 2655 latae
708 2611 837 2656 Leid.
957 2608 1127 2672 srngufi
1160 2612 1329 2657 Bamb.
1477 2612 1544 2657 5O
1583 2619 1630 2656 tu
1671 2619 1790 2656 tuam
1828 2613 1962 2670 libri,
2003 2615 2131 2672 quod

224 2688 274 2726 ul
325 2687 548 2726 seruetur
588 2680 738 2725 CFW
765 2682 969 2726 Mueller
1004 2683 1199 2741 prosod.
1238 2683 1400 2727 Pluut.
1446 2681 1542 2727 149
1582 2684 1673 2728 cluo
1711 2683 2006 2728 hemistichia
2051 2683 2127 2728 ad-

226 2754 396 2796 sentio:
447 2765 528 2810 age
567 2766 686 2796 nunc
727 2759 774 2796 tu
812 2759 932 2796 tuam
966 2747 972 2813 Ι
1006 2754 1272 2812 progeniem
1311 2752 1391 2797 ede
1430 2752 1588 2797 ordine
1625 2754 1816 2811 disponi
1850 2756 1966 2799 uult.
2006 2761 2127 2799 tuam

228 2824 298 2867 ed.
343 2821 479 2868 1840
671 2822 826 2882 profer
863 2837 993 2868 nunc
1030 2826 1220 2882 scripsi.
1261 2830 1306 2868 et
1343 2824 1453 2869 libri
1587 2824 1703 2869 Olim
1741 2824 1956 2870 Merceri
1989 2837 2128 2870 sena-

225 2897 346 2938 rium
385 2892 610 2937 adsentio:
660 2907 742 2953 age
780 2907 898 2938 nunc
936 2901 1056 2938 tuam
1094 2909 1137 2953 p.
1180 2894 1262 2939 ede
1303 2894 1458 2939 ordine
1493 2895 1758 2952 probabam
1884 2895 1948 2941 51
1989 2895 2127 2955 depo-

223 2965 351 3007 sitam
382 2964 557 3008 Geneu.
587 2963 718 3008 Leid.
757 2964 958 3023 deposita
999 2968 1148 3010 ceteri
1183 2966 1294 3010 libri
1434 2964 1498 3010 52
1538 2966 1792 3024 arquitenes
1828 2967 1965 3024 libri,
2004 2968 2126 3010 anti-

223 3048 318 3092 qua
347 3036 608 3090 scriptura.
646 3035 896 3079 arcitenens
923 3038 1063 3094 uulqo
1173 3035 1238 3081 53
1277 3037 1314 3080 si
1353 3035 1453 3080 med
1488 3035 1644 3080 eodem
1670 3036 1940 3082 Palmerius
1973 3036 2125 3094 Spici-

223 3106 309 3163 leq.
339 3117 417 3161 ap.
453 3103 587 3148 Grut.
614 3105 643 3148 I
657 3104 699 3148 V
721 3104 820 3150 764
841 3106 883 3157 ‚si
921 3119 992 3151 me
1014 3119 1128 3151 <esse
1150 3106 1471 3162 eodemlibri,
1511 3107 1638 3165 quod
1671 3107 1709 3150 si
1736 3107 1863 3151 ineed
1887 3110 2124 3165 interpre-

225 3177 323 3218 tari
349 3177 535 3231 passis.-
575 3174 639 3231 cf.
681 3190 726 3219 u.
757 3175 786 3220 8
825 3181 868 3220 et
913 3176 977 3222 36
1017 3177 1053 3221 si
1094 3190 1162 3221 me
1200 3177 1355 3222 eodem
1396 3177 1588 3222 Grotius
1612 3177 1738 3222 Bibl.
1775 3180 1881 3222 crit.
1910 3191 2019 3222 nou.
2048 3177 2132 3222 IV

326 3245 445 3302 Leto
465 3245 682 3302 Grotius,
721 3245 992 3291 Palmerius
1136 3246 1201 3292 54
1240 3247 1389 3291 sanum
1427 3247 1620 3304 Lipsius
1751 3255 1934 3291 uentum
1973 3253 2043 3292 est
2079 3247 2125 3291 in

226 3328 315 3374 quo
352 3315 464 3359 libri
499 3322 681 3359 uentum
721 3316 764 3358 in
805 3330 893 3374 quo
938 3318 1138 3362 Botkius
1244 3317 1369 3362 illum
1409 3317 1501 3361 sors
1540 3316 1793 3361 sectabatur
1831 3316 1990 3363 Palat.
2031 3316 2124 3362 sors

224 3384 349 3428 illum
386 3384 581 3429 sectahat
624 3386 783 3430 Vrbin.
812 3385 911 3431 308
950 3387 1074 3431 illurn
1102 3387 1362 3447 expectabat
1397 3387 1489 3431 sors
1532 3388 1722 3432 Vossius
1760 3388 1787 3430 i.
1830 3387 1859 3431 s.
1898 3386 2126 3446 spectabat

229 3455 558 3499 Buecheler-us
701 3455 766 3500 55
805 3455 858 3499 ad
885 3470 1014 3514 quem
1055 3458 1113 3499 W
1148 3465 1281 3517 atque
1319 3460 1471 3502 ceteri
1594 3457 1797 3501 Orestem
1836 3457 2126 3503 Ritsclzelius

229 3537 394 3582 opusc
422 3525 479 3569 II
500 3524 601 3570 487
643 3524 823 3571 Orestes
859 3527 990 3582 libri,
1033 3533 1194 3572 tuetur
1230 3528 1563 3573 Bueclzelerus
1597 3533 1918 3573 mactatarum
1958 3530 2124 3588 Eriyo·

227 3608 336 3639 nam
361 3597 638 3654 intelleqens
664 3596 851 3640 Oresten
881 3597 1073 3642 Grotius
1193 3598 1314 3643 ferro
1342 3613 1442 3644 cuin
1468 3606 1647 3658 promto
1677 3598 1868 3644 Grotius
1989 3598 2124 3644 adsti-
