2299 3803
186 179 288 229 24ss
573 175 654 215 EX
685 172 971 214 INCER'rls
1004 166 1408 211 INCERTORVM
1441 164 1700 206 FABVLIS

335 305 506 357 'Altae
549 302 872 356 Acheruntis
915 302 1054 353 salso
1097 298 1358 368 sanguine
1414 336 1826 348 .......

337 519 534 588 'Vsque
576 536 782 587 quaque
825 517 1007 584 saporo
1050 515 1282 583 oportet:
1322 509 1377 563 fd
1418 511 1517 564 erit
1555 511 1722 563 telum
1762 509 2090 562 acerrimum.

816 731 972 781 11111116
1011 748 1191 797 mane,
1230 746 1390 796 porro
1431 728 1491 778 ut
1533 725 1738 778 audias!

986 846 1139 899 XLII
1181 844 1301 917 (29)

230 951 300 1001 ΒΟ
342 949 454 1009 Qua
496 947 812 1014 'tempestate
854 944 1116 996 Helenam
1154 942 1305 994 Paris
1345 942 1587 1010 innuptis
1627 940 1799 992 iunxit
1837 939 2060 1008 nuptiis,

341 1042 478 1112 ‘Ego
519 1045 634 1094 tum
676 1040 898 1109 grauida
939 1039 1161 1108 expletis
1201 1039 1308 1090 iam
1347 1038 1456 1089 fere
1499 1037 1564 1089 ad
1597 1036 1914 1106 pariendum
1952 1035 2097 1086 men-

1525 1134 1694 1202 sibus,

340 1237 441 1288 Per
495 1236 634 1287 idem
690 1236 899 1301 tompus
955 1231 1280 1300 Polydorum
1335 1230 1560 1282 Hecuba
1615 1230 1773 1297 partu
1828 1228 2097 1297 postremo

1522 1325 1677 1394 parit.

1060 1401 1241 1453 XLIII

342 1502 415 1556 Et
455 1520 553 1571 ego
596 1499 687 1553 ibo
729 1503 787 1552 ut
826 1500 1062 1551 latebras
1101 1503 1329 1566 ruspans
1369 1496 1528 1548 rimer
1567 1496 1877 1548 maritimas

1064 1616 1239 1668 XLIV

345 1717 667 1786 Naufragia,
706 1716 853 1767 labes
895 1714 1104 1783 generis
1145 1714 1386 1781 ignoras7
1428 1712 1623 1762 senex?
1678 1755 1688 1762 .

803 1825 953 1878 XLV
996 1823 1160 1895 (Eun.
1202 1823 1402 1876 Telum.
1444 1821 1502 1892 8)

1041 1921 1260 1973 Tela-mo

236 2022 305 2074 85
344 2020 478 2090 'Ego
521 2039 640 2072 cum
680 2019 862 2089 genui,
902 2021 1017 2071 tum
1056 2017 1344 2070 morituros
1386 2015 1518 2069 sciui
1559 2019 1612 2069 et
1653 2018 1700 2069 ei
1740 2017 1816 2068 rei
1858 2016 2064 2069 sustuli.

311 2154 391 2193 XL
426 2153 585 2193 Cicero
620 2152 677 2192 ad
708 2152 812 2192 fam.
843 2152 927 2191 VII
958 2154 1008 2192 16
1041 2154 1112 2191 ‘in
1145 2153 1273 2204 Equo
1306 2151 1506 2191 Troiano
1539 2151 1629 2191 seis
1663 2163 1761 2191 esse
1794 2151 1840 2190 in
1874 2154 2107 2190 extremo:

200 2225 302 2251 sero
335 2210 520 2262 sapiunt
550 2241 586 2250 ..
607 2240 617 2251 .
644 2209 1090 2261 Vsquequaque’
1125 2222 1162 2248 e.
1197 2222 1238 2260 q.
1268 2221 1303 2248 s.
1400 2208 1505 2247 XLI
1537 2206 1774 2247 Charisius
1805 2209 1851 2248 II
1883 2221 1924 2260 p.
1947 2208 2030 2246 216
2054 2207 2104 2246 Ρ.

202 2271 409 2306 ‘mano'
445 2280 481 2305 e.
515 2279 556 2317 q.
592 2279 625 2307 s.
679 2265 976 2318 ‘cupiditatis
1008 2264 1223 2305 adfectus
1257 2267 1361 2304 est.’
1460 2263 1591 2303 XLII
1623 2263 1782 2304 Cicero
1816 2263 1872 2303 de
1905 2267 2019 2303 orat.
2041 2263 2109 2304 111

201 2325 268 2374 58,
292 2326 372 2364 219
405 2322 582 2362 ‘aliud’
617 2321 764 2373 (uocis
797 2334 940 2375 genus
974 2321 1062 2361 sibi
1095 2319 1254 2372 sumit)
1288 2320 1551 2361 ‘molestiaz
1588 2320 1686 2360 sine
1709 2319 2106 2360 commiseratione

202 2393 342 2432 graue
376 2379 599 2431 quoddam
639 2384 685 2419 et
721 2392 809 2418 uno
849 2391 1010 2430 pressu
1051 2391 1105 2417 ae
1137 2391 1246 2418 sono
1278 2377 1545 2417 obductum:
1589 2389 1695 2430 qua
1738 2378 2106 2428 tempestate’

204 2451 241 2476 e.
274 2450 316 2488 q.
350 2448 383 2479 s,
425 2435 553 2475 Idem
586 2439 696 2475 orat.
729 2437 805 2484 49,
840 2436 919 2474 164
951 2439 1110 2486 ‘quare
1143 2433 1352 2474 bonitate
1382 2433 1536 2485 potius
1577 2436 1831 2474 nostrorum
1869 2433 2108 2473 uerborum

202 2497 383 2532 utamur
415 2505 549 2543 quam
581 2491 821 2543 splendore
855 2491 1153 2537 Graecorum,
1193 2490 1283 2530 nisi
1323 2490 1438 2529 forte
1476 2488 1542 2528 sic
1573 2489 1699 2541 loqui
1730 2489 1957 2542 paenitet:
2003 2501 2109 2540 qua

206 2554 237 2588 t.
280 2548 555 2588 Helenam
586 2548 637 2590 P.
679 2552 724 2587 et
764 2559 879 2600 quae
920 2550 1206 2599 sequuntur.’
1266 2547 1335 2586 Ex
1373 2545 1568 2586 Pacuuii
1605 2545 1752 2586 Iliona
1791 2549 1969 2598 sumpta
2009 2558 2109 2585 esse

206 2604 441 2645 intellexit
473 2603 760 2643 Welckerus.
907 2603 1061 2642 XLIII
1091 2604 1261 2643 Festus
1293 2615 1334 2655 p.
1366 2603 1449 2642 265
1479 2600 1538 2644 Μ.
1581 2602 1830 2654 ‘ruspari
1870 2605 1941 2641 est
1973 2613 2110 2653 quae-

207 2674 303 2701 rere
338 2662 520 2709 crebm,
553 2664 604 2699 ut
636 2660 721 2700 hoc
752 2672 888 2699 uersu
919 2659 1170 2698 indicatur:
1205 2662 1260 2698 et
1293 2662 1416 2710 ego’
1452 2671 1491 2698 e.
1524 2671 1565 2709 (1.
1599 2672 1633 2699 s.
1695 2658 1764 2698 Cf.
1794 2658 1988 2698 Pacuuii
2018 2658 2108 2697 ino.

207 2719 297 2758 fab.
331 2717 497 2757 XXXI.
632 2716 777 2755 XLIV
811 2715 1050 2756 Charisius
1081 2717 1119 2755 V
1153 2729 1193 2768 p.
1228 2717 1307 2755 251
1341 2716 1390 2756 P.
1425 2710 1682 2755 (διάλυτον
1714 2718 1785 2754 est
1816 2715 1913 2754 siue
1946 2706 2109 2754 διάλυ-

207 2786 277 2821 σις
311 2774 458 2812 oratio
491 2772 617 2813 nulla
650 2773 969 2813 coniunctione
1001 2772 1299 2824 interposita,
1333 2774 1406 2810 ut:
1441 2771 1522 2811 alii
1554 2771 1801 2811 naualibus
1832 2771 1923 2811 ite’
1947 2783 1984 2810 e.
2007 2782 2045 2822 q.
2071 2783 2108 2810 s.

208 2834 283 2869 ‘et
315 2830 479 2869 aliubi:
511 2829 843 2879 naufragia’
876 2842 912 2869 e.
940 2842 979 2880 q.
1004 2842 1037 2868 s.
1071 2828 1352 2868 ‘sententiae
1375 2827 1450 2867 hic
1479 2828 1633 2880 plures
1665 2828 1763 2868 sine
1787 2827 2110 2867 coniunctione

207 2886 458 2926 finiuntur.’
519 2886 586 2926 Ad
619 2886 843 2926 Teucrum
872 2885 1067 2926 Pacuuii
1097 2885 1266 2925 rettuli.
1382 2885 1508 2926 XLV
1540 2884 1702 2925 Cicero
1733 2885 1866 2924 Tusc.
1899 2883 2015 2936 disp.
2044 2883 2114 2923 111

353 3035 415 3080 79
455 3035 530 3079 An
568 3033 772 3078 audiam?
889 3034 956 3079 80
996 3048 1080 3093 qua
1119 3035 1163 3078 in
1190 3034 1382 3094 Laqom.
1413 3031 1441 3076 2
1474 3032 1536 3078 13
1565 3032 1629 3078 36
1670 3046 1800 3091 quam
1827 3033 2016 3092 Layom.
2046 3031 2111 3078 32

213 3121 343 3151 corr.
469 3111 733 3164 tempestato
774 3103 980 3149 Helenam
1020 3104 1142 3148 Paris
1180 3104 1520 3149 Laclzmcnmzcs
1567 3109 1832 3162 tempestate
1869 3102 1988 3147 Paris
2028 3102 2113 3147 He-

213 3177 356 3221 lenam
394 3176 504 3220 libri
540 3175 660 3219 Paris
714 3180 978 3233 tempestato
1015 3173 1225 3219 Helenam
1266 3175 1467 3219 Bollzius
1583 3173 1798 3232 innuptiis
1837 3173 2029 3218 Abrinc.
2069 3179 2112 3218 el

210 3249 433 3305 plerique
472 3248 620 3290 celeri
725 3246 900 3304 nuptias
939 3246 1133 3290 Abrinc.
1164 3245 1269 3291 Erl.
1297 3246 1323 3290 b
1349 3244 1541 3303 Lccqom.
1568 3245 1680 3302 aliq.
1711 3243 1828 3288 Gud.
1856 3259 1884 3288 a
1913 3248 1958 3288 et
1984 3257 2009 3287 c

217 3317 276 3361 81
323 3316 415 3360 fero
453 3316 565 3361 libri
601 3316 663 3359 sui
704 3315 905 3360 Botlzius
944 3316 1036 3359 soro
1076 3329 1192 3360 eram
1221 3316 1443 3361 Halmius
1551 3312 1616 3359 82
1657 3308 1854 3374 Hecuba]
1896 3313 2003 3358 hacc
2040 3312 2112 3357 11111

219 3387 325 3431 Erl.
354 3387 380 3430 b
548 3386 612 3431 83
653 3386 785 3430 1111101·
822 3386 1062 3429 maritimas
1104 3386 1320 3445 Scaliger
1364 3385 1567 3428 rimeram
1616 3384 1798 3442 aptimas
1839 3385 1939 3429 cod.
1980 3383 2114 3428 rimor

219 3457 407 3515 optimas
448 3458 523 3501 uel
562 3457 715 3500 111110111
754 3457 1001 3515 aptissimas
1040 3456 1091 3499 L.
1121 3457 1326 3501 Mueller
1363 3456 1419 3501 de
1447 3468 1500 3500 re
1526 3469 1584 3498 m.
1612 3452 1713 3498 442
1831 3453 1897 3499 84
1935 3455 2114 3513 ignorat

216 3527 318 3570 cocl.
452 3527 794 3585 Interroqcmcli
829 3529 1009 3587 siynum
1050 3528 1190 3586 uulyo
1228 3527 1357 3572 deest
1498 3523 1563 3570 85
1603 3524 1872 3569 moriturum
1910 3523 2110 3582 Seneca,
