2294 3844
154 250 247 299 134
902 252 958 292 M.
991 249 1285 290 PAcvvws
1355 285 1360 293 .

860 378 1034 429 XLIX
1078 377 1258 447 (Teuc.
1286 380 1342 447 3)

299 509 510 516 .....
558 466 651 533 qui
691 467 906 534 stirpem
950 466 1144 518 occidit
1183 486 1359 519 meum

926 562 967 612 L
1010 559 1190 630 (Teuc,
1230 562 1283 632 1)

298 649 606 701 Flexanima
649 654 923 718 tamquam
964 651 1204 718 lumpata
1245 654 1337 702 aut
1376 651 1578 703 Bacchi
1617 655 1779 705 sacris

297 743 599 811 Commota,
640 747 696 796 in
735 747 953 797 tumulis
996 746 1257 797 Teucrum
1299 750 1723 800 commemorans
1765 768 1918 801 suum

981 841 1051 893 LI
1094 839 1212 912 (24)

298 929 509 996 Topper
548 934 746 987 tecum,
787 929 884 981 sisi
925 933 1186 998 potestas,
1226 932 1409 983 faxsit:
1453 933 1533 983 sin
1575 938 1781 984 mecum
1824 935 1953 986 uelit

972 1026 1070 1077 LII
1112 1024 1231 1095 (18)

146 1114 253 1163 425
298 1110 579 1163 ‘obstinati
622 1115 835 1164 exortus

939 1202 1066 1254 LIII
1108 1201 1252 1274 (LX)

296 1288 508 1341 Seruius
557 1291 613 1341 iu
653 1290 786 1341 Aen.
827 1290 903 1341 IV
945 1291 1052 1342 473
1095 1294 1145 1342 ‘a
1190 1291 1425 1344 Pacuuio
1475 1294 1730 1345 Orestes
1782 1296 2052 1348 inducitur

147 1384 403 1451 Pyladis
446 1385 775 1438 admonitu
814 1389 1080 1454 propter
1119 1388 1419 1439 uitandas
1452 1388 1678 1441 Furias
1718 1391 2052 1460 ingressus

147 1480 474 1547 Apollinis
523 1482 848 1549 templum,
903 1482 1064 1533 unde
1121 1500 1253 1533 cum
1296 1485 1495 1535 uellet
1543 1486 1737 1553 exire,
1791 1488 2050 1539 inuade-

148 1575 335 1626 batur
377 1595 404 1627 a
446 1576 690 1628 Furiis.’

911 1665 1035 1718 LIV
1077 1664 1243 1735 (LIII.
1285 1667 1379 1737 29)

295 1752 434 1804 Non.
481 1755 608 1821 111,
643 1755 712 1804 22-
749 1754 947 1806 ‘facul
986 1774 1083 1823 pro
1125 1755 1353 1807 faciliter
1395 1799 1403 1807 .
1447 1799 1454 1806 .
1499 1799 1507 1807 .
1548 1757 1857 1811 Afranius
1890 1760 2050 1813 Auc-

262 1884 406 1923 XLIX
447 1885 684 1926 Charisius
718 1886 737 1924 I
779 1900 818 1938 p.
852 1887 905 1927 85
939 1887 989 1926 Ρ.
1032 1889 1235 1939 ‘stirps
1284 1921 1291 1927 .
1319 1920 1326 1928 .
1355 1921 1361 1926 .
1411 1888 1619 1929 dixerunt
1650 1894 1803 1930 tamen
1837 1893 1973 1932 etiam
2005 1894 2051 1932 in

148 1940 484 1991 significatione
517 1942 687 1982 sobolis
718 1943 972 1982 masculino
1005 1956 1191 1995 genere,
1224 1950 1274 1983 ut
1308 1945 1536 1986 Pacuuius
1567 1978 1576 1986 .
1596 1977 1602 1984 .
1623 1977 1632 1986 .
1654 1950 1665 1969 ’
1704 1947 1913 1988 Incertus
1945 1950 2052 1989 Put-

149 1997 261 2035 schii
284 1997 337 2037 (le
370 1997 567 2049 orthogr.
602 2013 643 2049 p.
668 2000 775 2038 2801
810 2000 1011 2051 ‘stirps
1044 2001 1090 2039 in
1123 1999 1462 2052 significatione
1495 2003 1664 2042 sobolis
1696 2003 1947 2045 masculino
1979 2017 2050 2057 ge-

148 2057 300 2093 nere.’
348 2053 607 2094 Telamonis
638 2056 684 2094 in
716 2055 892 2095 Teucro
925 2056 1067 2095 uerba
1099 2056 1239 2096 fuisse
1270 2057 1499 2097 uidentur.
1615 2059 1651 2097 L
1679 2059 1838 2100 Cicero
1870 2061 1923 2100 de
1957 2061 2050 2102 diu.

147 2108 168 2147 I
199 2111 273 2157 36,
306 2109 358 2149 80
393 2109 468 2148 ‘fit
508 2141 514 2148 .
544 2143 550 2148 .
579 2141 586 2150 .
628 2115 675 2149 ut
707 2111 937 2162 pellantur
969 2113 1106 2152 animi
1139 2114 1477 2162 uehementius,
1516 2127 1654 2167 saepe
1688 2117 1829 2155 etiam
1863 2130 1971 2157 cura
2004 2123 2050 2157 et

149 2166 331 2212 timore,
376 2165 522 2216 qualis
557 2171 625 2205 est
663 2166 741 2207 illa
775 2168 1116 2208 flexanima’
1151 2183 1188 2209 e.
1225 2183 1262 2220 q.
1296 2183 1329 2210 s.
1366 2171 1508 2209 Varro
1551 2171 1604 2210 de
1637 2171 1666 2210 l.
1700 2173 1752 2212 L.
1786 2169 1874 2212 V11
1904 2175 1956 2214 87
1988 2175 2048 2214 Μ.

151 2222 294 2272 ‘apud
329 2222 569 2261 Pacuium’
604 2221 689 2272 (sic
714 2224 879 2272 Flor.):
915 2224 1254 2264 ‘flexanima
1287 2232 1563 2276 tamquam
1596 2227 1906 2280 lymphata:
1942 2230 2050 2283 lym—

148 2277 286 2329 phata
320 2277 442 2317 dicta
476 2291 501 2317 a
532 2279 748 2331 lympha>
808 2280 909 2320 Non
941 2281 1124 2320 dubium
1165 2282 1271 2332 quin
1311 2282 1366 2322 de
1400 2283 1603 2323 Hesiona
1642 2285 1754 2324 haec
1794 2286 1840 2324 in
1871 2285 2049 2326 Teucro

149 2340 334 2373 narrata
366 2335 546 2373 fuerint.
666 2337 726 2374 LI
752 2337 917 2376 Festus
950 2350 990 2388 p.
1013 2339 1095 2377 352
1125 2338 1183 2377 Μ.
1217 2342 1440 2390 ‘topper
1474 2339 1670 2378 fortasse
1693 2340 1820 2380 ualet
1851 2341 1898 2380 in
1933 2343 2048 2381 Enni

152 2394 202 2428 et
235 2390 405 2429 Pacui
437 2392 620 2442 scriptis
643 2413 693 2418 —
718 2394 972 2433 Pacuuius:
1005 2397 1192 2445 topper’
1225 2408 1262 2437 e.
1298 2407 1336 2445 q.
1369 2407 1402 2433 s.
1521 2396 1601 2435 LII
1627 2396 1789 2436 Festus
1820 2410 1860 2449 p.
1887 2399 1964 2438 193
1987 2399 2046 2440 M.

152 2447 487 2493 'obstinatm
538 2447 796 2498 obfirmato,
838 2450 1176 2500 perseueranti,
1219 2456 1268 2488 ut
1309 2458 1462 2489 tenere
1501 2453 1666 2502 possit,
1707 2458 1757 2491 ut
1797 2453 2046 2494 Pacuuius:

151 2516 187 2540 ο.
232 2506 295 2540 e.’
387 2503 491 2542 LIII
544 2503 711 2541 Eadem
763 2504 932 2544 habent
978 2505 1158 2557 glossae
1205 2506 1527 2546 Berolinenses
1574 2521 1653 2548 ms.
1703 2509 1809 2548 Lat.
1857 2509 1935 2553 fol.
1979 2513 2046 2551 34.

152 2559 281 2597 Hanc
318 2571 530 2597 scaenam
572 2560 844 2598 Hermionae
884 2561 1022 2599 fuisse
1067 2562 1326 2613 suspicatus
1364 2575 1458 2601 sum
1504 2564 1620 2604 conl.
1665 2566 1798 2617 Verg.
1839 2567 1947 2606 Aen.
1982 2568 2048 2607 111

151 2616 231 2653 :330
255 2626 352 2663 sqq.
416 2616 517 2653 LIV
549 2616 599 2654 In
639 2617 834 2667 Antiopa
865 2616 978 2655 haec
1002 2619 1166 2657 iactari
1187 2623 1409 2670 poterant.
1443 2621 1493 2659 In
1526 2625 1699 2670 quaest.
1727 2634 1879 2665 scaen,
1904 2635 1944 2673 p.
1967 2624 2047 2663 353

153 2670 244 2708 dixi
293 2670 407 2720 quod
470 2683 613 2722 nuper
665 2672 894 2723 Bergkius
941 2674 1081 2723 symb.
1129 2674 1174 2712 in
1221 2688 1406 2726 gramm.
1452 2676 1531 2714 lat.
1584 2689 1650 2727 p„
1679 2679 1754 2717 139
1809 2677 2049 2718 adnotauit

292 2788 390 2831 422
435 2788 543 2832 flexa
583 2793 722 2832 animm
752 2798 984 2849 tamquam
1028 2791 1270 2838 Ciceronis
1310 2793 1478 2839 Heins.
1534 2795 1723 2840 Vindob.
1765 2798 1866 2840 flexi
1907 2798 2045 2841 anima

154 2866 181 2901 1.
213 2859 340 2903 Leicl.
375 2859 416 2902 B
457 2859 703 2903 flexanimat
747 2860 991 2916 [flexanima
1030 2864 1146 2906 Par.
1178 2880 1206 2908 α
1246 2863 1462 2908 ssexarant
1489 2865 1604 2909 Par.
1633 2864 1676 2922 b)
1717 2880 1873 2925 aquam
1915 2866 2042 2926 (aqua

153 2928 267 2972 Par.
298 2929 341 2983 a]
399 2930 630 2974 Varronis
667 2932 778 2975 libri
868 2931 1061 2990 lumpata
1088 2935 1379 2979 Rilsclcelizcs
1415 2947 1578 2992 opusc.
1607 2935 1666 2979 II
1697 2935 1801 2982 490
1837 2936 2045 2996 limpham

165 2998 394 3042 Varronis
437 3001 476 3041 F
478 3002 594 3056 loix,
639 2999 880 3045 Ciceronis
919 3003 1081 3047 Ileins.
1111 3004 1334 3063 lymphata
1376 3008 1526 3049 ceteri
1553 3005 1794 3051 Ciceronis
1833 3013 1877 3051 et
1930 3008 2044 3051 Var-

150 3069 280 3112 ronis
319 3071 450 3113 codd.
596 3078 668 3114 aut
708 3086 830 3115 unns
870 3074 969 3116 cod.
1013 3073 1215 3130 Moseri‚
1264 3076 1480 3119 Auralics
1520 3082 1566 3118 ut
1606 3079 1755 3120 celeri
1894 3077 2044 3120 bacchi

167 3138 343 3195 Varro7
376 3138 618 3183 Ciceronis
645 3141 899 3186 Palatinus
928 3156 1050 3186 nnus
1086 3150 1200 3189 teste
1230 3144 1434 3190 Grzclero
1471 3144 1632 3189 baccha
1652 3148 1922 3203 posteriore
1949 3160 1968 3189 a
1997 3150 2042 3190 in

152 3220 250 3251 ras.
281 3207 409 3252 Leicl.
441 3210 483 3252 B
509 3208 668 3252 baccho
700 3214 848 3254 celeri
990 3212 1091 3256 424
1119 3209 1222 3274 sist]
1264 3215 1322 3258 sit
1351 3217 1450 3259 cod.
1483 3215 1519 3258 si
1548 3216 1747 3260 Bollzius
1844 3221 2042 3274 potestas

153 3280 290 3335 mclgso
320 3292 375 3336 po
418 3310 425 3318 .
459 3313 466 3321 .
510 3285 600 3321 stas
629 3282 729 3330 cod.
760 3287 873 3324 tes-le
912 3281 973 3326 H.
1006 3284 1157 3328 Keilio
1186 3283 1310 3328 Mic-9.
1343 3285 1497 3329 Rhen.
1541 3285 1604 3329 VI
1624 3300 1673 3342 p.
1705 3285 1803 3330 6⁶26
1913 3284 2043 3329 faxsit

152 3348 186 3390 si
228 3349 329 3391 conl.
443 3348 621 3406 Topper
660 3355 804 3393 [ecum
844 3352 902 3393 sit
941 3353 1141 3409 postidea
1183 3354 1336 3410 faxim,
1376 3355 1496 3397 sim.
1527 3369 1567 3398 u.
1611 3356 1799 3399 Vossius
1941 3353 2042 3399 4⁴25

153 3415 360 3461 obstinati
390 3425 571 3462 exortus
600 3421 730 3464 cocL:
769 3422 907 3463 nolim
948 3422 1206 3479 defendere
1245 3438 1350 3467 cum
1383 3425 1697 3479 Buechelem,
1741 3427 1823 3482 qui
1846 3427 2045 3481 impetus

155 3489 228 3530 ml
265 3489 457 3531 militum
487 3491 563 3533 uel
602 3495 846 3534 uentorum
886 3491 1124 3550 intelleyit.
1168 3493 1380 3537 obstinari
1421 3508 1607 3537 exorsus
1635 3493 1855 3546 Bollzius,
1895 3507 2041 3551 prae-

154 3563 291 3599 eunte
319 3570 502 3600 exorsus
525 3561 711 3603 Aldina.
752 3562 822 3603 An
846 3558 1066 3605 obstinate
1096 3565 1184 3616 uel,
1217 3569 1265 3607 nl
1301 3564 1538 3608 Vsenerzcs
1565 3570 1728 3611 monet,
1757 3562 2042 3608 obstinatum?
