2294 3844
935 186 1370 230 (uilioLLAluvM
1902 187 2112 230 XXXVII

204 326 294 377 sit:
354 325 470 393 ‘qui
519 325 654 375 vires
704 324 976 375 hauserint
1018 324 1079 375 de
1123 322 1272 374 victis
1322 321 1587 382 hostibus,
1637 341 1741 372 non
1801 325 1854 372 ut
1913 323 2000 373 alii
2049 323 2110 373 do

204 415 359 466 rebus
400 413 576 464 minus
618 413 898 464 honestis.'
980 411 1112 462 Mihi
1154 411 1209 461 in
1250 412 1482 461 mentem
1524 409 1684 461 etiam
1728 415 1940 462 venerat

432 545 441 553 .
483 502 572 571 qui
614 502 789 553 uices
831 501 900 552 dc
942 500 1134 552 uictis
1176 499 1498 566 sumpserint
1541 499 1912 566 pei-(lii‹.³llibiis.

201 590 342 643 Nam
399 594 456 642 ut
513 591 788 642 referimus
846 588 1113 641 reddimus
1171 587 1492 639 exsolvimus
1551 587 1709 653 vices,
1774 588 1845 638 ita
1904 607 2108 639 sumere

204 698 412 749 quoque
454 681 646 732 licebit.

347 767 410 820 V.
452 769 556 821 397
599 785 756 836 (senae
796 784 980 834 gsencmc
1029 770 1165 817 recte
1214 765 1469 817 traditum
1519 784 1628 815 esse
1682 767 1733 815 et
1784 763 1973 829 Servii,
2023 766 2109 833 qui

198 858 481 925 palpebras
534 856 920 923 intellegendas
968 873 1081 906 esse
1132 854 1305 920 docet,
1362 853 1669 905 testimonio
1727 857 1776 904 et
1837 854 2107 904 annalium

201 965 243 998 v.
285 946 387 998 521
439 947 708 1014 probatur.
788 943 1035 997 Ceterum
1085 943 1350 995 diiambus
1399 943 1452 993 in
1509 942 1651 993 exitu
1705 960 1883 993 versus
1940 962 2001 992 ne
2044 943 2107 992 sit

198 1035 284 1098 (ef.
326 1036 391 1086 ad
432 1053 475 1086 v.
523 1035 624 1087 194
665 1033 966 1100 admitata),
1007 1033 1218 1084 initium
1261 1031 1546 1099 septenarii
1588 1033 1851 1097 praefero:

541 1122 785 1192 inprimit
824 1124 992 1191 genae
1032 1139 1241 1191 genam.

346 1212 410 1266 V.
451 1214 557 1265 398
599 1212 810 1264 initium
851 1211 1186 1263 numerosius
1227 1210 1325 1262 hoc
1368 1212 1505 1260 erat:

536 1302 807 1353 flammam
848 1301 990 1352 enim
1030 1320 1067 1351 e.
1107 1318 1151 1365 q.
1192 1319 1229 1351 5.

345 1391 407 1443 V.
450 1392 571 1442 loo.
650 1390 998 1443 Horridulum
1039 1390 1187 1440 illum
1229 1388 1510 1439 verborum
1550 1387 1746 1447 lusum,
1795 1385 1875 1436 0111
1927 1386 1977 1435 111
2023 1405 2097 1435 sa>

194 1481 311 1532 t-iris
359 1480 736 1548 grammaticas
784 1496 956 1547 nugas
1003 1481 1321 1530 tractantem
1374 1475 1657 1527 indulsisse
1700 1475 1866 1525 multo
1915 1475 2102 1542 proba-

195 1570 353 1622 bilius
402 1572 481 1621 est
538 1588 697 1638 quam
745 1569 799 1620 in
848 1567 1161 1637 tragoedii&
1217 1567 1428 1635 qualem
1477 1583 1530 1616 re
1583 1583 1700 1615 vera
1761 1563 1970 1615 Ennius
2027 1564 2100 1613 in-

196 1659 448 1727 stituerit,
488 1677 606 1711 011111
648 1659 806 1710 variis
848 1657 1018 1709 modis
1059 1656 1237 1708 ludere
1279 1654 1534 1723 potuerit,
1575 1654 1629 1704 in
1670 1655 1822 1704 tanto
1863 1652 2101 1704 codicum

195 1749 438 1801 dissensu
478 1753 621 1800 certo
663 1747 1016 1799 demonstrari
1057 1745 1143 1796 vix
1184 1747 1374 1813 pot-est.
1455 1741 1757 1794 Desiderari
1799 1760 1907 1792 non
1949 1760 2103 1808 posse

194 1841 395 1890 certum
422 1841 501 1889 est
537 1836 780 1907 *dativum
819 1837 1091 1902 quoiquam
1128 1834 1208 1885 vel
1241 1835 1299 1883 ut
1333 1832 1519 1900 scripsi
1559 1832 1824 1898 quiquam,
1866 1831 1895 1881 i.
1923 1850 1963 1881 e.
2001 1830 2104 1880 cui-

196 1946 377 1996 quam,
426 1927 721 1978 subiectum
767 1926 1060 1991 quisquam,
1111 1923 1376 1975 obiectum
1423 1922 1719 1988 quicquam:
1768 1923 1881 1970 111111
1931 1938 2104 1986 perso-

194 2035 384 2069 narum
439 2014 778 2084 pronomina,
834 2013 1042 2065 dativus
1098 2015 1151 2064 et
1206 2010 1590 2076 nominativus,
1647 2009 1941 2077 separanda
1994 2027 2101 2059 11011

196 2109 332 2159 sunt.
425 2104 591 2157 Porro
648 2104 702 2154 in
756 2120 1051 2170 qmmquam
1106 2102 1188 2153 vel
1241 2116 1544 2167 quemquam
1599 2102 1649 2148 01
1706 2097 1967 2148 similibus
2028 2096 2101 2146 nil

193 2195 523 2265 probabilius
581 2211 739 2262 quain
798 2209 1127 2259 quemquam„
1182 2190 1212 2241 i.
1262 2209 1303 2240 0.
1360 2205 1641 2256 cumquam
1699 2187 1779 2237 vel
1837 2204 2105 2253 umquam,

194 2287 372 2338 latere.
459 2282 702 2351 Denique
753 2280 1073 2333 ‘conveniat’
1122 2278 1341 2330 verbum
1390 2276 1596 2344 flagitat
1654 2275 1754 2326 sibi
1810 2292 2104 2342 pronomen

136 2359 142 2363 .
196 2376 303 2426 sive
345 2373 486 2443 quod
524 2373 733 2439 quisquc
767 2369 1028 2438 scriptura
1068 2367 1290 2419 indicari
1324 2366 1530 2418 videtur
1568 2365 1786 2431 quidque
1826 2381 1888 2413 00
1930 2380 2104 2427 sensu,

196 2483 299 2534 quo
339 2463 395 2515 in
424 2464 598 2514 vetere
634 2478 874 2512 sermone
917 2458 1178 2527 ‘quisque'
1222 2474 1317 2524 pro
1360 2453 1638 2524 ‘quisquis’
1677 2451 1918 2519 usurpari
1958 2451 2105 2509 solet,

198 2554 306 2605 sive
353 2551 613 2620 quidquid.
702 2547 924 2600 Alienus
975 2567 1005 2599 a
1055 2545 1319 2599 sententia
1366 2544 1449 2595 vel
1489 2546 1628 2594 certe
1671 2541 1887 2592 minime
1929 2558 2104 2590 neces-

201 2642 370 2694 sarius
409 2641 655 2708 quiquam
695 2635 1120 2689 instrument-alis
1160 2638 1254 2686 est.
1326 2631 1570 2686 Conferri
1610 2633 1785 2699 potest
1827 2647 1888 2680 ex
1930 2628 2104 2679 Plauti

196 2729 462 2782 Pseudulo
495 2747 540 2780 v.
579 2727 681 2780 134
712 2726 958 2795 ‘quorum
991 2741 1284 2793 numquam
1318 2722 1601 2791 quicquam
1628 2719 1916 2789 quoiquam
1957 2716 2104 2768 uenit

202 2820 256 2871 in
296 2821 530 2870 mentem
570 2819 630 2868 ut
668 2819 807 2868 rect-e
847 2814 1044 2866 faciat.’

342 2906 408 2958 V.
448 2906 555 2957 402
597 2907 754 2956 erunt
800 2904 1026 2955 fort-asse
1067 2901 1157 2970 qui
1204 2899 1506 2952 comoediae
1547 2898 1780 2949 tribue-re
1825 2895 2029 2946 malint.

343 2995 404 3048 L.
444 2993 651 3046 DIanlz'o
727 2991 822 3044 Th.
863 2990 1228 3043 Mommsenus
1276 3008 1408 3040 mus,
1448 2987 1618 3039 Rhen.
1659 2984 1788 3037 XVI
1839 2983 1945 3036 285
1986 2983 2099 3033 red-

198 3084 330 3138 didit
386 3100 519 3152 quae
575 3080 748 3133 Varro
803 3080 864 3131 de
929 3080 960 3131 l.
1016 3078 1071 3130 L.
1127 3077 1233 3130 VII
1296 3078 1360 3130 16
1415 3076 1653 3129 laudavit
1707 3074 1909 3126 Latona.
1955 3072 2102 3138 parit

197 3193 237 3226 e.
280 3193 327 3242 q.
369 3192 406 3224 S.
455 3171 582 3223 olim
630 3189 659 3222 a
708 3188 790 3221 ine
846 3168 985 3220 inter
1030 3166 1194 3219 Ennii
1242 3168 1545 3235 fragmenta
1600 3165 1698 3215 inc.
1747 3162 1849 3213 fab.
1899 3158 2101 3210 XXXV

197 3264 421 3329 recepta.
472 3259 624 3321 Quod
664 3259 791 3310 olim
830 3274 1234 3309 numeraveram
1274 3256 1334 3307 fr.
1368 3254 1491 3307 LVI
1524 3253 1827 3306 Vahlenum
1870 3250 2006 3298 recte
2048 3246 2103 3296 111

201 3350 420 3402 annales
467 3347 536 3417 (v,
582 3346 708 3417 161)
756 3345 1023 3399 rettulisse
1072 3345 1179 3396 iam
1227 3345 1283 3396 in
1331 3341 1659 3412 praefatione
1709 3338 1774 3390 ad
1822 3355 1952 3388 com.
1994 3335 2101 3385 rell.

200 3459 249 3508 p.
275 3438 404 3490 XIX
429 3437 679 3490 concessi.
708 3468 775 3472 ——
803 3435 999 3487 Parum
1024 3433 1289 3502 probabili
1322 3432 1622 3484 commento
1648 3425 1907 3493 Bergkius
1938 3423 2102 3491 symb.

203 3528 268 3580 ad
316 3544 538 3597 gramm.
586 3525 699 3577 Lat.
748 3525 772 3576 I
821 3525 890 3576 89
939 3542 1034 3591 pro
1081 3523 1388 3575 hexametro
1437 3517 1710 3571 annalium
1758 3533 1802 3565 v.
1851 3512 1957 3565 553
2005 3512 2103 3563 hoc
