2294 3844
204 167 279 208 XL
935 155 1370 203 COROLLARIVM

202 301 334 365 01113,
383 299 470 366 qui
510 300 569 348 ut
622 298 870 363 parerent
908 293 1098 346 Achivi
1137 291 1295 343 iussis
1336 308 1517 342 curare
1558 291 1805 360 debebat‚
1846 294 1919 345 sic
1958 295 2097 346 locu-

202 392 287 438 tus
328 389 431 437 est:
473 383 738 452 agendum
780 383 909 434 mihi
950 383 1110 450 prout
1149 380 1468 447 imperatum
1509 382 1602 431 est.
1652 379 1730 432 Cf.
1755 380 1932 433 Plauti
1956 382 2099 434 Trin.

200 475 305 526 303
348 478 464 541 ‘pro
504 472 724 540 imperio
774 475 866 522 tuo
908 470 1084 522 Meum
1127 469 1363 521 animum
1410 466 1508 518 tibi
1559 468 1866 521 servitutem
1907 471 2099 522 servire

203 579 427 630 aequom
462 561 678 612 censui.'
728 559 995 628 Amphitr.
1022 559 1087 610 21
1133 559 1248 626 ‘pro
1282 556 1504 624 imperio
1538 555 1688 607 vobis
1722 558 1863 625 quod
1902 559 2100 611 dictum

200 653 332 701 t'oret
375 648 555 701 Scibat
601 650 867 700 facturos?
942 646 1093 709 Quod
1142 646 1186 697 si
1225 645 1299 697 ita
1348 662 1401 695 se
1449 644 1633 711 habet,
1684 646 1958 713 sequentia
1997 650 2101 714 aut,

199 741 258 789 ut
304 738 509 789 custodi
559 736 795 805 corporis
845 735 959 787 dari
1014 735 1244 802 possint,
1291 752 1411 785 cum
1450 731 1769 801 *Hermanno
1825 734 2100 788 scribenda

201 830 324 877 sunt
361 827 449 892 qni
488 829 644 887 uetat,
687 827 779 875 aut
818 823 907 874 alii
946 823 1251 890 tribuenda,
1293 821 1382 891 qui
1415 840 1534 873 cum
1567 821 1803 873 nondum
1844 826 1928 874 sat
1965 825 2101 875 clare

198 931 382 982 regum
431 914 492 964 de
541 932 649 964 non
698 912 999 980 sepeliendo
1048 910 1227 963 Aiacis
1277 911 1528 963 cadavere
1579 911 1809 963 edictum
1850 911 1936 963 1110
1984 931 2102 980 pro-

202 1002 549 1067 nuntiaverit,
597 1020 715 1052 cum
765 1000 1133 1069 indignatione
1183 1002 1424 1068 quaerat,
1482 999 1599 1067 quis
1649 1000 1865 1052 tandem
1913 1001 2103 1053 audeat

198 1094 389 1142 vetare.
468 1089 607 1141 Nam
648 1090 734 1141 ille
774 1089 1108 1157 pronominis
1147 1089 1262 1155 quis
1302 1106 1450 1155 usus,
1492 1106 1647 1157 quem
1688 1089 1744 1140 in
1784 1089 1958 1157 prisco
1999 1109 2103 1142 ser-

200 1198 354 1231 mone
395 1178 602 1230 notavit
641 1178 702 1230 R.
741 1177 1034 1230 Schoellius
1074 1175 1231 1245 (legis
1271 1176 1376 1227 XII
1416 1177 1717 1228 tabularum
1759 1179 1866 1230 rell.
1907 1197 1955 1246 p.
1999 1179 2105 1247 75),

201 1271 356 1337 plane
398 1288 425 1319 a
477 1270 660 1319 nostro
707 1267 824 1318 1000
872 1266 1075 1317 311011113
1123 1269 1225 1332 031,
1276 1265 1527 1334 quoniam
1575 1265 1631 1316 111
1670 1265 1811 1317 1111113
1852 1268 2104 1336 exemplis

202 1358 447 1409 omnibus
495 1375 604 1408 11011
643 1358 755 1407 13111
802 1355 1023 1407 relativa
1080 1373 1239 1423 quam
1295 1354 1707 1423 interrogativae
1762 1356 1997 1408 notionis
2045 1376 2104 1408 ea

202 1446 400 1513 species
448 1447 659 1513 regnat,
716 1443 798 1495 cui
848 1443 1129 1513 ‘quisquis’
1179 1444 1260 1495 vel
1307 1443 1372 1494 ‘si
1428 1443 1563 1512 quis'
1616 1443 1865 1495 substitui
1924 1446 2106 1511 possit.

202 1536 315 1587 Iam
381 1533 735 1602 interroganti
805 1532 882 1583 illi
947 1532 1054 1583 sive
1119 1532 1321 1584 Teucro
1385 1532 1493 1583 sive
1557 1526 1866 1585 Tecmessae
1933 1534 2106 1602 potuit

202 1627 380 1675 custos
422 1641 547 1674 33110
599 1622 838 1674 acerbius
879 1639 1134 1689 reponere
1173 1622 1352 1688 quisue
1389 1622 1607 1674 attolat?
1655 1622 1970 1690 dedignatus
2012 1623 2105 1674 sci-

203 1714 321 1764 licet
364 1711 695 1779 respondere.
774 1709 942 1771 Quem
990 1712 1171 1760 tamen
1211 1728 1319 1761 non
1360 1710 1720 1778 coniunctim,
1769 1711 1859 1762 sed
1900 1714 1992 1763 aut
2029 1712 2105 1763 in-

204 1802 430 1853 dicativo
457 1803 549 1852 aut
580 1800 758 1851 futuro
784 1799 861 1851 uti
893 1817 990 1867 par
1014 1801 1142 1850 erat.
1190 1798 1377 1867 Itaque
1403 1798 1738 1851 Tecmessam
1771 1800 1853 1851 vel
1879 1800 2108 1852 amicum

205 1891 391 1942 Teucri
446 1890 775 1957 interrogare
831 1887 1054 1940 conieci:
1111 1887 1256 1956 ‘quis
1311 1890 1457 1939 vetat
1505 1887 1633 1956 quin
1680 1906 1872 1956 corpus
1926 1887 2107 1941 Aiacis

206 1981 416 2032 attollat
463 1980 625 2031 frater
665 1977 839 2028 eius‘?'
921 1976 1256 2045 Quamquam
1295 1995 1404 2028 non
1444 1979 1556 2028 tam
1604 1977 1903 2045 attollendi,
1950 1997 2109 2047 quam

206 2069 423 2121 curandi
480 2066 739 2120 condendi
796 2065 1084 2134 sepeliendi
1139 2066 1359 2117 verbum
1413 2068 1681 2133 expectes:
1737 2066 1827 2118 sed
1882 2067 2108 2119 fortasse

206 2159 484 2227 repetitum
529 2155 658 2208 illud
691 2173 753 2205 ex
788 2154 1018 2206 ministri
1060 2155 1300 2207 oratione
1341 2173 1562 2207 acumen
1603 2155 1868 2223 quoddam
1908 2156 2108 2208 habuit.

206 2248 453 2301 Ceterum
478 2246 659 2298 attolat
698 2244 837 2312 quod
870 2242 1251 2296 Buechelerum
1286 2246 1495 2296 secutus
1522 2243 1708 2312 scripsi
1740 2262 1904 2311 prope
1929 2245 2108 2312 paeni-

208 2341 297 2388 tet.
376 2334 631 2388 Confudit
678 2332 820 2383 enim
866 2330 1075 2384 Nonius
1124 2333 1227 2384 duo
1267 2333 1449 2400 verba,
1496 2332 1684 2384 adulat
1723 2332 1980 2384 aoristum
2020 2334 2106 2386 ad—

208 2424 409 2476 serendi
450 2422 667 2473 notione
709 2422 1021 2488 usurpatum
1062 2440 1093 2472 a
1132 2420 1362 2473 Pacuvio
1402 2439 1447 2471 v.
1491 2421 1595 2472 228
1638 2423 1690 2472 01
1729 2419 1902 2472 Novio
1943 2440 1988 2472 v.
2022 2423 2107 2489 87,

209 2517 261 2564 01
301 2513 524 2563 3110111111
573 2509 712 2578 quod
753 2511 834 2560 est
873 2509 1072 2577 erigere
1113 2510 1311 2586 levare:
1359 2509 1460 2561 hoc
1508 2511 1685 2560 autem
1731 2509 1932 2561 attollat
1984 2510 2107 2561 dici—

210 2607 307 2653 tur.
385 2600 530 2668 Ergo
587 2600 677 2649 aut
731 2597 786 2648 in
842 2598 1110 2666 sequentis
1165 2616 1346 2650 versus
1394 2598 1605 2649 initium
1658 2600 1749 2665 qui
1798 2616 1860 2650 ne
1911 2599 2111 2651 attollat

211 2688 636 2742 transferendum
685 2690 777 2738 aut
830 2687 1054 2739 abstulat
1099 2687 1421 2755 audendum,
1477 2687 1617 2756 quod
1671 2687 1846 2755 ipsum
1901 2705 2108 2756 quoque

212 2780 275 2831 ad
317 2778 486 2831 nostri
525 2776 627 2828 loci
670 2775 989 2828 sententiam
1030 2775 1268 2846 quadrat.

360 2896 587 2947 Versum
628 2895 698 2945 53
740 2895 804 2945 ad
845 2893 1032 2946 Naevii
1072 2914 1117 2946 V.
1157 2895 1228 2946 43
1269 2914 1317 2963 p.
1358 2894 1491 2946 XIII
1531 2895 1697 2963 tetigi.

359 3014 423 3066 V.
464 3014 547 3065 54.
625 3012 851 3064 Conlato
899 3031 961 3063 ex
1002 3012 1237 3064 Terentii
1278 3012 1342 3064 ad
1383 3012 1631 3080 hecyram
1672 3014 1894 3082 prologo
1934 2997 2107 3082 priore

212 3124 256 3155 v.
290 3106 323 3155 4
365 3103 459 3154 ‘ita
500 3101 726 3169 populus
761 3101 934 3153 studio
976 3101 1238 3168 stupidus’
1279 3100 1549 3153 Usenerus
1582 3101 1668 3153 1110
1702 3120 1910 3171 quoque
1942 3103 2109 3154 studio

213 3193 418 3258 stupida
457 3190 806 3242 commendat.

361 3293 423 3345 V.
466 3295 535 3345 93
575 3295 737 3345 talem
777 3312 917 3345 nunc
957 3293 1186 3344 ederem:

452 3398 622 3449 mater
660 3399 898 3449 terrast
931 3416 941 3446 ε
975 3397 1146 3464 parit
1184 3396 1333 3448 haec
1375 3415 1588 3465 001Ρ113,
1629 3397 1861 3448 animam

1351 3486 1402 3549 [a
1414 3488 1579 3536 utem
1621 3488 1764 3536 aeter
1803 3485 2033 3554 adiugat.
