2299 3803
610 167 689 206 EX
722 164 1004 206 INCERTIS
1036 163 1433 205 INCERTORVM
1465 162 1722 204 FABVLIS

211 167 243 218 N>

246 167 277 218 0³

281 166 313 217 N>

362 297 456 350 Sin
495 295 915 349 inuerecundum
956 295 1119 346 {inimi
1158 294 1436 363 ingenium
1475 293 1734 362 possidet,

219 395 321 446 180
362 393 498 454 Quid
538 396 716 445 autem
757 410 970 444 accuses
1013 391 1101 459 qui
1142 388 1196 441 I‘d
1236 390 1390 458 parui
1432 389 1672 441 auditum
1713 389 1992 442 aestimet?

547 486 751 540 XCVII
795 487 929 556 (Ast.
971 486 1117 537 Arm.
1158 485 1263 537 iud.
1308 487 1371 537 17
1415 486 1516 536 1118.
1559 488 1694 537 auct.
1735 483 1794 556 2)

366 584 522 636 Nunc
566 587 664 652 e'go
707 587 757 634 te
801 584 866 635 ab
910 601 1116 635 summo
1156 584 1264 634 iam
1305 583 1547 634 detexam
1588 581 1818 634 exordIO.

969 677 1202 731 XCVIII
1243 675 1364 748 (43)

363 770 548 821 Axena
589 768 749 821 Ponti
790 788 883 836 per
922 770 1061 819 freta
1101 766 1329 820 Colchos
1371 765 1599 835 denique
1642 767 1848 820 delatus
1890 768 2122 821 adhaesi.

998 862 1174 916 XCIX
1217 862 1337 935 (44)

367 960 468 1014 Ore
524 961 682 1012 beato
740 959 940 1011 lumine
996 961 1254 1029 uolitans,
1318 962 1408 1028 qui
1462 963 1557 1029 per
1614 962 1818 1012 caeluni
1867 958 2124 1013 candidus

1549 1058 1776 1125 equitas!

217 1177 336 1216 enim
367 1177 536 1227 probus
571 1179 672 1216 est.’
717 1174 861 1214 Iulius
893 1175 1051 1214 Victor
1084 1188 1122 1215 c.
1158 1177 1208 1213 12
1241 1188 1283 1226 p.
1307 1176 1388 1215 235
1412 1175 1487 1216 Or.
1535 1174 1687 1225 (rhett.
1721 1175 1847 1216 Latt.
1883 1175 1950 1216 ed.
1973 1176 2126 1217 Halm.

215 1247 254 1285 p.
280 1231 380 1283 414)
416 1232 746 1271 ‘Conuersione
780 1231 863 1269 1188
885 1230 1036 1270 modo:
1073 1227 1376 1284 [178—180].’
1421 1230 1642 1270 Secuntur
1665 1231 1822 1272 eadem
1857 1232 1952 1271 fere
1985 1231 2127 1272 uerba

217 1302 329 1342 quae
371 1289 490 1340 apud
533 1287 795 1327 Ciceronem
837 1287 1064 1339 leguntur.
1126 1288 1390 1328 Victorinus
1433 1287 1610 1340 explan.
1651 1301 1692 1340 p.
1727 1289 1832 1339 253,
1866 1290 1916 1328 12
1949 1289 2005 1331 H.
2054 1289 2128 1328 ‘si

216 1350 471 1394 ueretur,
515 1343 646 1395 quid
688 1356 927 1383 accuses
969 1344 1059 1394 qui
1099 1345 1304 1395 probus
1339 1347 1451 1383 est?
1484 1345 1529 1385 si
1561 1357 1665 1384 non
1707 1348 1958 1392 ueretur,
1999 1345 2128 1397 quid

218 1414 459 1441 accuses
493 1402 585 1452 qui
617 1400 668 1439 id
702 1387 862 1452 parui
897 1400 1088 1439 auditu
1124 1402 1449 1440 aesti111at?’
1485 1414 1522 1442 e.
1558 1413 1597 1451 q.
1633 1413 1667 1440 s.
1799 1400 1970 1442 XCVII
2002 1401 2128 1441 Rhet.

222 1459 279 1497 ad
312 1459 510 1498 Herenn.
546 1457 572 1496 1.
609 1470 747 1507 supra
779 1456 806 1495 1.
927 1455 1116 1496 xcvsst
1148 1456 1296 1497 XCIX
1329 1455 1606 1497 Censorinus
1639 1457 1800 1507 fragm.
1844 1472 1880 1498 e.
1916 1460 1968 1497 14
1999 1471 2039 1510 p.
2074 1459 2127 1498 9ss

216 1514 345 1554 Ialin.
380 1514 507 1564 (2726
540 1512 614 1565 Ρ.)
653 1513 1022 1565 ‘Aristophanius
1057 1517 1339 1564 anapaestus
1373 1510 1609 1567 [XCVIII]
1653 1513 1816 1565 recipit
1851 1513 1990 1566 pedes
2022 1527 2130 1567 qua-

219 1576 446 1610 ternorum
481 1574 733 1621 temporum
767 1570 932 1616 omnis,
967 1569 1115 1621 inplet
1147 1569 1285 1621 pedes
1308 1575 1480 1622 septem
1516 1574 1561 1609 et
1583 1570 1872 1622 semipedem.
1915 1571 2131 1622 Anapae-

218 1633 314 1668 stus
338 1627 599 1667 octonarius
627 1623 810 1678 [XCIX]
837 1625 1003 1676 recipit
1028 1626 1209 1665 eosdem
1234 1625 1372 1678 pedes
1396 1631 1579 1677 praeter
1601 1627 1914 1678 semipedem.’
1948 1627 2131 1666 Vtrum-

222 1696 307 1736 que
343 1682 595 1734 exemplum
638 1682 878 1722 confictum
922 1695 1021 1721 esse
1064 1682 1272 1721 decreuit
1303 1683 1354 1721 L.
1389 1683 1584 1721 Mueller
1617 1682 1786 1722 annall.
1818 1682 1988 1735 philon,
2024 1684 2131 1723 1868

217 1754 259 1792 p.
284 1742 378 1779 433.
426 1740 560 1778 Prius
593 1739 724 1778 Medo
756 1738 951 1778 Pacuuii
983 1739 1142 1778 tribuit
1174 1739 1467 1785 KVelckeru&
1503 1752 1586 1778 nec
1620 1739 1811 1778 alterum
1845 1743 1924 1778 aut
1957 1740 2013 1779 ab
2044 1739 2132 1780 hac

219 1795 380 1836 fabula
414 1799 493 1835 aut
527 1795 582 1835 ab
615 1795 733 1835 Attii
766 1794 1036 1834 Prometheo
1069 1794 1145 1845 (cf.
1180 1795 1395 1847 Aeschyli
1427 1808 1468 1837 u.
1503 1794 1573 1846 91)
1607 1795 1806 1835 alienum
1838 1796 1992 1836 habui.

217 1947 334 1991 Par.
366 1946 600 2004 Anyclom.
636 1944 747 1989 Tur.
783 1944 944 1989 Tross.
974 1945 1176 2003 Erluny.
1219 1945 1442 1990 Wuerzb.
1484 1947 1658 2001 altero,
1700 1947 1792 1990 nisi
1817 1946 1943 2004 quod
1979 1959 2132 1990 accus-

218 2057 288 2089 ses
328 2044 466 2101 Par„
506 2025 662 2088 ac⁰uses
702 2043 944 2100 Wuerzb.,
985 2047 1092 2088 item
1131 2042 1286 2089 Izslius
1329 2044 1488 2088 Victor
1516 2049 1559 2088 ct
1601 2043 1887 2089 Victorinus.
1929 2040 2166 2089 accusem‘

220 2118 372 2160 ceteri
505 2109 604 2175 qui]
647 2113 767 2172 quod
810 2114 968 2158 Tross.
1007 2116 1112 2158 loco
1147 2117 1313 2171 priore
1464 2114 1558 2159 179
1600 2113 1978 2159 sinuerecundum
2017 2115 2131 2173 Erf.

218 2186 336 2231 Par.
377 2188 480 2230 loco
516 2188 683 2242 priore
738 2186 773 2229 si
813 2184 1165 2229 inuerecundum
1204 2184 1373 2230 Bumb.
1404 2200 1433 2229 a
1472 2185 1601 2229 Fris.
1647 2184 1762 2229 Tur.
1802 2185 1904 2231 loco
1947 2188 2129 2243 priore,

218 2257 334 2302 Par.
364 2257 604 2315 Anyclom.
639 2255 751 2300 Tur.
787 2256 947 2300 Tross.
990 2257 1167 2312 altero,
1208 2254 1365 2301 Iulius
1405 2255 1565 2301 Victor
1701 2255 1800 2302 180
1839 2255 1945 2316 quid
1983 2262 2131 2301 autem

220 2340 399 2372 accuses
451 2327 671 2371 Wucrzb.
710 2329 877 2383 priore
923 2328 1051 2382 loco,
1093 2326 1360 2385 Kuyscrus.
1411 2325 1517 2385 quid
1551 2320 1668 2388 ΝΜ]
1706 2340 1885 2371 accuses
1921 2326 2024 2371 Erl.
2076 2329 2133 2372 dc

220 2401 315 2442 inu.
357 2396 461 2455 quid
501 2404 647 2441 autem
688 2410 786 2440 811111
828 2410 1008 2441 accuses
1045 2397 1162 2441 Pur.
1204 2413 1261 2441 m.
1289 2412 1366 2454 pr.
1406 2399 1510 2442 loco
1548 2411 1626 2454 pr.
1669 2396 1774 2456 quid
1813 2410 1912 2442 811111
1952 2410 2133 2442 accuses

220 2468 331 2525 Erf.
362 2467 529 2511 Bumb.
559 2483 587 2510 u
628 2481 757 2511 corr.
786 2470 890 2512 loco
909 2470 1096 2524 priore,
1137 2467 1255 2511 Par.
1286 2468 1527 2527 Anyelom.
1563 2467 1675 2514 Tur.
1711 2467 1868 2512 Tross.
1908 2467 2130 2513 Wuerzb.

222 2540 404 2594 attero,
432 2537 588 2582 Iulius
626 2536 787 2582 Victor
826 2537 931 2595 quid
971 2550 1150 2581 accuses
1192 2538 1464 2582 Victorinus
1503 2536 1608 2596 quid
1637 2550 1839 2582 accusem
1878 2550 1979 2582 eum
2005 2539 2133 2584 Fris.

225 2608 338 2653 Tur.
374 2608 533 2652 Tross.
574 2609 675 2652 loco
709 2611 877 2665 priore
916 2607 1021 2666 quid
1061 2621 1161 2651 eum
1201 2621 1403 2652 accusem
1444 2610 1594 2653 ceteri
1631 2607 1737 2666 quid
1776 2614 1826 2652 tu
1864 2622 1964 2653 eum
2005 2622 2133 2654 accu-

220 2692 292 2723 ses
336 2678 582 2736 Sctuppius
622 2677 728 2737 quid
767 2677 946 2722 tandem
986 2691 1088 2722 eum
1128 2691 1309 2723 accuses
1350 2681 1455 2723 olim
1496 2684 1861 2736 tenzpluuerum.
1972 2680 2048 2739 qui
2087 2679 2131 2724 id

219 2750 332 2793 libri
365 2751 583 2807 plerique
623 2748 730 2808 quid
756 2748 873 2793 Pur.
912 2764 969 2793 m.
995 2763 1073 2807 pr.
1113 2749 1335 2794 Wuerzh.
1376 2755 1578 2808 utroque
1614 2751 1718 2795 loco
1758 2763 1857 2794 cum
1896 2749 1939 2793 id
1970 2750 2133 2796 Tross.

219 2822 322 2865 loco
357 2822 523 2877 priore
564 2819 640 2878 qui
681 2819 784 2866 Erl.
823 2820 880 2864 cle
917 2822 1041 2876 inu.‚
1086 2820 1352 2865 Victorinus
1388 2819 1432 2863 id
1471 2820 1546 2879 qui
1585 2819 1789 2866 Botln'us
1932 2819 2132 2866 auditum

219 2889 331 2948 Erf.
360 2890 477 2934 Pur.
506 2891 610 2935 loco
634 2893 815 2947 priore,
849 2890 962 2935 Tur.
994 2896 1221 2949 utroque,
1265 2890 1491 2937 Victorini
1516 2891 1660 2948 Fris,
1699 2891 1926 2949 probauit
1952 2891 2128 2936 Fleck-

221 2945 408 3004 eisenus
447 2965 490 3005 cc
527 2959 751 3006 Halmius
789 2963 918 3006 cincti.
960 2960 1079 3006 Tull.
1119 2961 1152 3006 I
1183 2960 1246 3007 18
1285 2961 1443 3006 auditu
1483 2964 1634 3007 ceteri
1757 2961 1972 3006 aestimet
2007 2962 2130 3007 Pur.

220 3030 458 3090 Aizyclom.
498 3031 608 3074 Tur.
651 3033 800 3076 altero
838 3033 965 3087 loco,
1005 3031 1158 3077 Iulius
1197 3031 1358 3077 Victor
1397 3032 1601 3076 aestimat
1643 3032 1915 3077 Victorinus
1953 3033 2132 3077 estimet

227 3101 385 3146 Tross.
422 3103 589 3158 priore
614 3103 730 3157 loco,
773 3102 877 3148 Erl.
909 3102 1129 3147 Wucrzb.
1157 3104 1213 3147 (lc
1239 3105 1334 3148 inu.
1375 3103 1599 3147 existimes
1640 3104 1758 3148 idem
1794 3117 1873 3160 pr.
1901 3104 1932 3146 l.
1977 3102 2129 3146 81113ιί-

223 3178 313 3216 met
356 3174 507 3216 ceteri
616 3170 712 3217 181
754 3185 839 3231 ego
880 3187 966 3218 om.
1002 3173 1160 3218 Tross.
1273 3173 1357 3217 iam
1386 3187 1472 3218 om.
1506 3173 1619 3217 Tur.
1732 3171 1934 3217 detexam
1975 3171 2131 3225 ordine

225 3241 406 3286 exordio
447 3241 616 3286 Bumb.
646 3242 671 3286 b
710 3257 768 3287 m.
803 3257 883 3300 pr.
1001 3242 1093 3288 182
1135 3242 1203 3287 ser
1241 3243 1450 3288 Darmst.
1495 3243 1644 3288 Vatic.
1756 3241 1940 3286 cholcos
1982 3242 2127 3288 Vatic.

226 3312 433 3357 Dur-msc.
463 3310 596 3369 (teste
636 3311 866 3358 Vrliclzsio
893 3327 1008 3358 mus.
1039 3314 1191 3358 Rhen.
1220 3313 1378 3359 XXII
1398 3311 1518 3370 471)
1632 3311 1729 3358 183
1759 3325 1835 3356 ore
1861 3313 1974 3357 libri
2010 3311 2140 3364 11818,
2176 3340 2178 3343 .

226 3382 448 3438 Bothius,
491 3388 535 3427 ct
573 3396 689 3428 sune
718 3382 830 3427 Orus
858 3386 1114 3428 inuocatur
1133 3399 1227 3442 pro
1255 3385 1488 3442 Apolline.
1521 3389 1618 3427 orte
1646 3383 1986 3428 Luchmunnus
2011 3382 2129 3428 clare

227 3453 581 3497 Bzceclzclcrus:
619 3459 748 3500 recte
785 3455 903 3500 idem
931 3456 1052 3500 conl.
1084 3454 1326 3500 Ciceronis
1355 3454 1491 3499 Arut.
1524 3452 1624 3500 180
1663 3452 1855 3498 uolitans
1895 3455 1958 3498 cccl
1993 3459 2125 3498 unte-

229 3524 442 3567 cedentia
483 3527 747 3569 reuocauit.
