2299 3803
552 203 633 245 EX
665 203 950 245 INCERTIS
985 204 1382 246 INCER'I'ORVM
1416 205 1670 249 FABVLIS
1960 204 2064 256 259

942 333 1281 386 LXXXVIII

305 427 533 482 Pereant
575 430 751 498 amici,
793 430 917 482 dum
960 429 1160 483 inimici
1203 450 1309 483 una
1351 431 1692 483 intercidant!

968 526 1250 579 LXXXIX

164 621 267 674 160
306 620 476 683 Quam
518 624 688 692 magis
730 641 981 675 aerumna
1016 627 1193 693 urget,
1233 626 1342 675 tam
1379 625 1548 692 magis
1592 625 1655 675 ad
1691 626 1826 676 male
1868 626 2062 677 facien—

1492 721 1618 772 dum
1658 722 1805 789 uiget

1071 817 1163 869 XC

307 911 406 973 Qui
433 913 546 964 esse
572 913 688 964 uolt
713 913 853 981 quod
880 914 1016 980 uolt,
1042 913 1088 963 ei
1113 914 1189 964 ita
1216 913 1307 965 dat
1332 933 1386 965 se
1420 932 1526 981 res,
1568 917 1623 965 ut
1661 916 1876 982 operam
1903 915 2064 967 dabit.

1058 1007 1180 1061 XCI

304 1103 488 1157 Miseri
529 1108 653 1157 sunt
688 1106 776 1174 qui
810 1107 1000 1158 uxores
1042 1106 1257 1158 ducunt.
1287 1138 1350 1142 —-
1381 1104 1469 1157 'At
1501 1110 1558 1158 tu
1594 1107 1787 1159 (luxisti
1824 1109 2061 1160 alteram.

252 1268 550 1309 >LXXXVIII
582 1267 740 1308 Cicero
781 1281 860 1321 pro
901 1282 1003 1321 rege
1038 1270 1257 1319 Deiotaro
1291 1272 1338 1320 9,
1374 1271 1425 1309 25
1459 1270 1539 1309 ‘de
1572 1271 1771 1311 Domitio
1811 1270 1925 1310 dixit
1957 1284 2053 1311 uer-

156 1337 251 1364 sum
284 1326 506 1366 Graccum
540 1325 699 1365 eadem
731 1327 983 1373 sententia,
1017 1339 1107 1378 qua
1139 1327 1276 1365 etiam
1308 1340 1388 1366 nos
1420 1327 1636 1366 habemns
1665 1328 1901 1366 Latinum:
1936 1341 2028 1380 per
2052 1350 2066 1354 -

160 1385 315 1421 eant'
349 1397 386 1423 e.
423 1395 464 1433 q.
497 1394 531 1423 s,
571 1412 579 1422 .
608 1412 617 1422 .
644 1412 653 1421 .
693 1386 879 1421 ‘uersus
920 1383 1166 1422 immanis.’
1226 1383 1510 1433 Augustinus
1553 1388 1711 1423 contra
1756 1385 1975 1422 Faustum
2015 1387 2066 1423 1⁴3

158 1435 306 1477 ‘sic'ut
337 1442 408 1477 est
440 1437 520 1477 illa
551 1439 790 1478 notissima
822 1442 867 1478 et
898 1438 1179 1490 quarundam
1202 1438 1457 1479 litterarum
1482 1441 1724 1479 memoriae
1748 1440 2066 1479 commendata

158 1493 331 1534 furiosa
364 1494 616 1535 sententia:
651 1498 862 1546 pereant'
898 1508 936 1534 e.
971 1508 1011 1547 q.
1045 1508 1080 1534 s.
1125 1495 1315 1535 Medeae
1351 1497 1485 1536 Ennii
1520 1497 1761 1536 conuenire
1795 1496 1940 1536 sensit
1973 1498 2067 1536 La-

158 1550 349 1591 deuicus
391 1550 512 1591 anal.
553 1563 675 1591 scen.
716 1564 758 1603 p.
794 1552 866 1590 17:
907 1551 966 1592 cf.
1000 1552 1158 1603 Eurip.
1200 1553 1281 1591 816
1321 1565 1418 1604 sqq.
1470 1553 1634 1592 Verum
1675 1555 1861 1605 propius
1903 1553 2063 1593 abesse

157 1606 252 1646 alia
293 1608 445 1647 monui
486 1608 531 1646 in
572 1613 748 1659 quaest.
782 1619 902 1647 scen.
934 1621 975 1660 p.
1008 1609 1104 1657 251,
1136 1609 1329 1648 maxime
1363 1609 1518 1661 adesp.
1554 1613 1671 1662 trag.
1702 1611 1785 1649 294
1814 1609 1866 1652 N.
1899 1602 2067 1662 ἐρρέτω

157 1663 297 1716 φίλος
328 1658 415 1704 σὺν
447 1657 604 1719 ἐχθρῷ
637 1663 716 1715 (cf.
747 1665 830 1704 244
860 1664 934 1715 N.)
1069 1664 1304 1704 LXXXIX
1337 1664 1649 1715 Quintilianus
1682 1665 1746 1706 IX
1777 1669 1823 1711 3.
1858 1667 1909 1705 15
1943 1666 2066 1705 ‘alia

156 1719 490 1760 commendatio
521 1720 798 1773 uetustatis,
831 1721 959 1760 cuius
993 1724 1168 1761 amator
1198 1721 1331 1760 unice
1362 1721 1591 1773 Vergilius
1625 1722 1732 1762 fuit:
1774 1721 1849 1761 uel
1883 1734 1982 1761 cum
2016 1735 2062 1763 se

156 1776 373 1828 pauidwn
407 1780 568 1817 contra
591 1789 690 1816 mea
713 1777 862 1829 iurgia
894 1778 1060 1816 iactat:
1094 1777 1361 1829 Progeniem
1396 1778 1489 1818 sed
1524 1779 1663 1818 enim
1684 1778 1878 1818 Troiano
1911 1791 1938 1817 a
1960 1792 2066 1818 san·

158 1834 295 1885 guine
328 1833 430 1873 duci
461 1833 696 1873 Audierat.
749 1833 947 1883 Quorum
979 1833 1147 1873 similia
1179 1833 1323 1886 apud
1354 1839 1581 1875 ueteres
1614 1836 1865 1888 tragicos
1898 1836 2066 1876 comi-

159 1902 368 1942 cosque
402 1894 508 1929 sunt
537 1890 742 1942 plurima.
805 1889 924 1929 Illud
959 1894 1004 1930 et
1035 1891 1080 1929 in
1112 1890 1444 1931 consuetudine
1484 1892 1725 1931 remansit:
1769 1893 2066 1932 enimuero.

157 1946 245 1986 His
277 1946 470 1999 amplius
504 1945 624 1998 apud
659 1945 870 1986 eundem:
911 1960 1031 1986 nam
1071 1948 1168 1998 quis
1207 1952 1251 1987 te
1285 1947 1497 1987 iuuenum
1528 1947 1937 1998 confidentissime3
1979 1961 2065 2000 quo

159 2003 383 2043 sermonis
425 2003 604 2042 initium
646 2001 694 2041 fit
735 2007 800 2042 et:
841 2009 945 2042 tam
990 2003 1160 2055 magis
1202 2003 1285 2043 illa
1324 2008 1525 2044 tremens
1573 2009 1618 2044 et
1662 2005 1873 2044 tristibus
1922 2005 2065 2045 effera

158 2060 371 2109 flammis,
413 2059 582 2109 Quam
625 2060 797 2110 magis
837 2059 979 2099 effuso
1020 2059 1291 2100 crudescunt
1330 2062 1551 2113 sanguine
1593 2074 1788 2113 pugnae.
1851 2061 1966 2113 quod
2000 2068 2067 2101 est

158 2129 338 2156 uersum
378 2129 432 2155 ex
472 2115 576 2155 illo:
620 2129 784 2168 quam
815 2116 1014 2167 magis’
1060 2130 1097 2158 e.
1140 2130 1178 2168 q.
1220 2131 1252 2156 s.
1316 2116 1468 2169 ‘pleni
1508 2116 1678 2157 talibus
1723 2118 1900 2169 antiqui
1948 2122 2065 2157 sunt.

159 2173 291 2212 initio
325 2172 533 2211 Eunuchi
567 2173 809 2212 Terentius
840 2203 848 2212 .
869 2203 904 2211 ..
939 2186 990 2212 ex
1024 2171 1202 2212 Graeco
1234 2185 1344 2212 uero
1377 2173 1606 2213 translata
1639 2173 1711 2213 uel
1747 2173 1940 2213 Sallusti
1972 2174 2066 2226 plu-

159 2231 307 2268 rima.'
369 2229 435 2267 Ex
467 2234 622 2268 uetere
656 2229 897 2281 tragoedia
937 2234 1118 2281 sumpta
1159 2241 1260 2269 esse
1292 2234 1450 2269 nostra
1492 2231 1788 2270 coniecerunt
1819 2230 1989 2283 Regius
2022 2235 2068 2269 et

158 2284 366 2325 Muretus
397 2285 505 2325 Var.
527 2285 657 2325 Lect.
681 2286 786 2325 xlx
812 2287 857 2336 2,
892 2285 1055 2337 quibus
1088 2285 1258 2326 frustra
1292 2287 1563 2326 aduersatur
1586 2285 1898 2339 Spaldingius:
1931 2298 2065 2339 posse

161 2340 217 2380 ad
248 2342 389 2380 Ennii
422 2341 626 2382 Medeam
666 2342 831 2382 referri
870 2341 985 2382 conl.
1018 2343 1177 2395 Eurip.
1209 2343 1292 2383 364
1324 2342 1430 2384 dixi.
1578 2343 1655 2382 XC
1689 2342 1850 2382 Cicero
1883 2343 1938 2383 de
1971 2347 2064 2382 nat.

159 2399 281 2438 deor.
315 2397 384 2438 111
414 2399 490 2447 26,
524 2398 577 2438 66
610 2395 774 2452 ‘'[Enn.
807 2399 924 2438 Med.
958 2395 1090 2452 V111]
1125 2411 1341 2451 parumne
1375 2399 1643 2439 ratiocinari
1682 2399 1866 2439 uidetur
1899 2405 1943 2439 et
1974 2399 2066 2438 sibi

156 2455 258 2506 ipsa
287 2454 512 2495 nefariam
545 2459 718 2507 pestem
751 2455 1034 2494 machinari?
1066 2455 1180 2495 illud
1212 2468 1322 2495 uero
1355 2468 1486 2508 quam
1520 2455 1689 2496 callida
1722 2457 1923 2496 ratione!
1960 2456 2067 2506 Qui

160 2511 307 2550 uolt’
340 2524 378 2551 e.
414 2523 454 2563 q.
488 2524 522 2551 s.
566 2511 669 2563 ‘qui
708 2516 778 2552 est
809 2523 968 2551 uersus
1001 2512 1196 2552 omnium
1231 2512 1481 2552 seminator
1512 2511 1742 2552 malorum.
1777 2510 1911 2565 [Eun.
1946 2512 2062 2555 Med,

158 2564 244 2621 IX]
286 2598 294 2608 .
328 2598 379 2607 ..
425 2571 562 2619 atque
608 2567 797 2607 cadem
839 2567 1036 2608 Medea
1078 2573 1254 2621 patrem
1297 2569 1585 2621 patriamque
1626 2569 1810 2621 fugiens
1855 2566 2063 2620 [XCIle.

159 2623 284 2672 huic,
316 2628 367 2663 ut
397 2624 570 2671 scelus,
606 2625 670 2664 sic
703 2637 758 2664 ne
793 2625 910 2664 ratio
943 2624 1125 2675 quidem
1158 2625 1340 2666 defuit.’
1390 2626 1458 2665 Ab
1490 2626 1638 2666 Ennio
1671 2625 1716 2664 in
1749 2624 1914 2665 Medea
1947 2625 2065 2663 inter

161 2679 214 2721 fr.
245 2680 355 2720 VIII
387 2685 434 2719 et
471 2679 536 2720 IX
575 2680 693 2720 hunc
730 2693 773 2723 u,
815 2681 1035 2720 insertum
1075 2694 1175 2722 esse
1218 2682 1408 2721 conieci.
1570 2680 1673 2721 XCI
1713 2681 1845 2723 Rhet.
1888 2680 1944 2720 ad
1981 2681 2066 2719 He-

162 2748 286 2778 renn.
309 2736 446 2784 1125,
467 2738 520 2776 39
553 2737 688 2776 ‘item
722 2737 939 2777 uitiosum
971 2741 1064 2787 est,
1096 2750 1193 2777 cum
1225 2737 1299 2777 uel
1329 2738 1377 2777 in
1409 2737 1548 2778 alium
1581 2737 1655 2777 uel
1686 2739 1732 2776 in
1765 2749 1865 2776 eum
1899 2737 2065 2788 ipsum,

161 2793 237 2844 qui
269 2791 382 2832 dicit
412 2791 531 2844 quod
563 2792 608 2831 in
641 2792 955 2833 aduersarium
979 2793 1161 2843 dicitur,
1197 2798 1349 2846 potest
1381 2795 1638 2844 conuenire,
1670 2793 1753 2834 hoc
1784 2792 1934 2833 modo:
1968 2793 2062 2831 mi-

160 2849 304 2889 seri’
340 2861 375 2888 e.
412 2861 454 2900 q.
489 2860 524 2888 s.
576 2848 715 2890 Posse
748 2849 864 2889 haec
897 2850 943 2888 in
976 2849 1281 2890 altercatione
1314 2850 1492 2891 Iasonis
1525 2855 1569 2890 et
1602 2849 1788 2890 Medeae
1822 2850 1867 2888 in
1902 2848 2061 2889 fabula

306 2997 403 3044 159
444 3012 527 3043 una
569 2998 730 3043 inimici
769 2999 879 3044 libri
902 3000 1164 3045 deteriores
1272 3000 1493 3044 intereant
1532 2999 1677 3044 eidem
1789 2998 1887 3045 160
1917 2993 2062 3059 uiget]

161 3070 287 3129 iuget
318 3068 430 3114 Tur.
471 3075 606 3130 urget
632 3069 765 3115 Flor.
876 3070 1047 3114 animus
1074 3071 1388 3128 supplendum
1418 3071 1608 3115 uidetur
1719 3069 1814 3115 161
1845 3082 1942 3113 esse
1969 3067 2066 3112 uolt

161 3137 283 3198 quod
321 3138 446 3197 uolt,
486 3140 525 3184 ci
563 3142 742 3198 scripsi
778 3139 876 3185 uolt
915 3153 1014 3185 esse
1053 3139 1173 3200 quod
1213 3140 1311 3186 uolt
1349 3139 1509 3185 Palal.
1552 3141 1755 3192 Vindob„
1797 3141 1924 3199 qaod
1960 3151 2063 3182 cum

175 3209 385 3255 Vahleno
424 3208 567 3268 (Eun.
615 3215 734 3269 trag).
778 3225 820 3255 u.
862 3209 980 3268 306)
1022 3217 1216 3256 tuentur
1256 3211 1527 3269 Geppertus
1560 3212 1590 3255 l.
1628 3212 1657 3255 ῑ.
1698 3209 1796 3254 114
1834 3214 1878 3253 et
1917 3207 2068 3252 CFW

164 3277 368 3326 Mueller
400 3282 429 3325 l.
456 3283 488 3329 l.
518 3279 618 3327 303
659 3280 755 3325 uolt
794 3280 914 3340 quod
954 3279 1051 3326 uolt
1089 3280 1249 3327 Leidd.
1279 3280 1427 3326 ABG
1460 3281 1563 3325 Eri.
1693 3281 1769 3339 qui
1808 3278 1904 3323 uolt
1943 3277 2063 3337 quod

163 3349 262 3394 uolt
301 3351 361 3395 ita
400 3349 517 3395 dabit
554 3364 654 3395 sese
692 3364 763 3396 res
802 3350 1023 3397 Halmius
1070 3351 1146 3411 qui
1184 3351 1282 3397 uolt
1320 3364 1418 3396 esse
1458 3350 1575 3410 quod
1616 3348 1736 3407 uolt,
1775 3351 1834 3393 ita
1872 3348 1978 3393 dant
2015 3362 2063 3392 se

164 3417 234 3463 res
273 3421 312 3464 ei
352 3422 455 3466 olim
494 3422 760 3479 edideram,
801 3435 907 3467 cum
946 3427 991 3466 et
1028 3425 1218 3467 uariari
1253 3426 1505 3467 accentum
1541 3421 1679 3466 uerbi
1714 3419 1810 3464 uolt
1837 3431 2063 3478 euperem

166 3495 208 3533 et
235 3491 396 3536 daliuo
432 3492 471 3536 ei
509 3504 655 3551 aeyre
691 3505 925 3537 carerem.
984 3491 1057 3550 Cf.
1092 3492 1200 3537 Ter.
1228 3493 1333 3537 hec.
1362 3491 1464 3537 380
1593 3488 1688 3536 162
1730 3484 1829 3551 qui]
1870 3490 1907 3533 Si
1936 3489 2061 3540 Par·

163 3574 222 3604 m.
256 3574 336 3618 pr.
378 3561 487 3619 Erf.
602 3561 844 3607 Personas
880 3563 1098 3608 dislinoeit
1137 3563 1391 3607 Lambinus

1621 3656 1704 3697 17*
