2299 3803
166 229 269 282 233
577 230 659 271 Ex
692 228 973 271 lxcssu'rls
1003 227 1401 270 mesu-rouval
1431 228 1694 270 FABVLIS

1055 357 1193 409 XHI

313 470 427 522 Iam
468 470 686 522 domum
726 470 949 522 itionem
988 470 1143 539 reges
1184 466 1277 540 [et]
1319 469 1543 521 Atridae
1581 474 1792 539 parant.

1061 586 1193 639 XIV

317 699 550 752 Domum
586 699 767 751 itionis
808 698 987 767 cupidi
1012 699 1295 768 imperium
1334 699 1475 768 regis
1514 717 1685 768 paene
1709 697 2076 752 inminuimuS.

984 817 1089 870 XV
1129 815 1250 888 (34)

317 928 469 991 Quod
509 925 615 980 nisi
656 928 875 997 quieriS,
913 928 1179 999 Menelae,
1215 929 1317 982 hac
1358 928 1541 982 dextra
1583 929 1807 983 occideS.

972 1047 1107 1100 XVI
1147 1046 1268 1118 (59)

313 1150 477 1203 Proin
525 1149 700 1202 demet
748 1151 844 1202 abs
891 1155 944 1203 te
991 1152 1236 1220 regimen
1281 1151 1484 1221 Arg05‚
1538 1152 1665 1204 dum
1712 1153 1795 1205 est
1836 1155 2077 1221 potestas

1503 1249 1704 1301 consili.

165 1410 282 1451 tuli)
325 1408 571 1450 Diomedes
603 1423 646 1463 p.
669 1411 752 1450 435
771 1409 824 1450 P.
857 1410 1159 1462 ‘prosthesis’
1193 1410 1347 1461 (immo
1379 1411 1633 1464 ‘prothesis
1648 1413 1685 1465 ’)
1716 1416 1817 1452 ‘est
1846 1411 2078 1465 appositio

166 1466 391 1520 quaedam
432 1466 490 1506 ad
530 1467 803 1519 principium
842 1466 1075 1508 dictionis.
1135 1466 1323 1507 litterae
1360 1498 1370 1507 .
1396 1498 1407 1508 .
1431 1499 1443 1509 .
1478 1468 1706 1520 syllabae,
1739 1475 1811 1509 ut:
1850 1469 2079 1509 concitum

166 1531 200 1563 t.
232 1537 275 1575 g.
307 1536 391 1576 pro
421 1522 539 1566 tuli.'
602 1521 673 1565 Cf.
704 1523 911 1564 Naekius
940 1525 1057 1565 Mus.
1088 1523 1234 1567 Rhen.
1266 1525 1376 1565 1833
1406 1537 1449 1577 p.
1478 1526 1563 1566 486
1592 1526 1779 1579 (Opusc.
1810 1525 1834 1565 Ι
1862 1523 1984 1576 350).

166 1580 278 1621 xm
309 1580 444 1621 Rhet.
478 1579 537 1619 ad
569 1579 768 1620 Herenn.
798 1581 867 1620 111
896 1582 966 1631 21,
992 1583 1047 1622 34
1077 1585 1205 1620 ‘eum
1233 1580 1474 1621 uerborum
1503 1582 1833 1623 similitudines
1863 1581 2080 1634 imagini·

164 1637 251 1677 bus
289 1637 543 1688 exprimere
580 1635 807 1686 nolemus,
855 1637 960 1690 plus
998 1637 1178 1690 negotii
1222 1638 1523 1689 suscipiemus
1561 1644 1610 1679 et
1645 1640 1793 1691 magis
1838 1638 2074 1690 ingenium

165 1698 371 1732 nostrum
402 1693 734 1736 exercebimus.
791 1692 841 1732 id
870 1706 954 1733 nos
983 1693 1070 1734 hoc
1099 1693 1233 1734 modo
1265 1693 1418 1734 facere
1447 1695 1701 1747 oportebit:
1732 1695 1865 1734 iam'
1896 1707 1937 1734 e.
1968 1707 2011 1746 q.
2033 1706 2077 1735 s.

168 1752 183 1771 ‘
197 1750 245 1788 in
276 1761 365 1789 uuo
395 1748 494 1788 loco
526 1749 808 1788 constituere
840 1762 1002 1789 manus
1034 1749 1092 1789 ad
1125 1749 1301 1789 caelum
1334 1749 1571 1791 tollentem
1601 1751 1878 1801 Domitium,
1917 1762 2019 1790 cum
2050 1763 2080 1790 a

169 1806 376 1857 Regibus
404 1804 595 1844 Marciis
633 1804 743 1845 loris
777 1805 1010 1847 caedatur.
1068 1806 1154 1846 hoc
1186 1806 1297 1846 erit:
1326 1807 1434 1846 iam
1466 1807 1865 1848 domuitionem
1893 1819 2076 1859 regeS.

170 1863 217 1900 in
249 1861 393 1901 altero
414 1860 515 1901 loco
547 1862 821 1914 Aesopum
851 1868 906 1902 et
938 1863 1217 1903 Cimbrum
1248 1862 1557 1903 subornare
1589 1863 1947 1916 Iphigeniam
1980 1875 2076 1903 ue-

165 1917 248 1958 lut
298 1923 533 1971 agentes
573 1919 1031 1970 Agamemnonem
1075 1924 1130 1958 et
1165 1918 1491 1960 Menelaum.
1552 1920 1638 1960 hoc
1675 1921 1791 1961 erit:
1840 1919 2078 1960 Atridae

165 1982 386 2026 parant..
445 1973 529 2014 hoc
568 1973 700 2014 modo
738 1976 890 2014 omnia
926 1977 1073 2016 uerba
1110 1980 1243 2015 erunt
1274 1980 1527 2028 expressa.'
1586 1977 1884 2017 subornari
1921 1980 1983 2016 ut
2010 1974 2081 2024 251

166 2030 521 2083 ephigeniam
551 2031 605 2070 iu
637 2043 1085 2083 agamemnonem
1119 2038 1174 2072 et
1204 2031 1463 2084 (agamen
1486 2031 1607 2074 riem
1637 2034 1684 2073 it
1710 2032 1940 2081 W'uerzb.)
1970 2044 2079 2072 me·

166 2086 387 2126 nelaum
419 2088 525 2129 Par.
548 2088 787 2128 Wuerzeb.
809 2088 971 2131 Bamb.
994 2102 1023 2128 a
1053 2089 1191 2139 Fris„
1222 2089 1313 2128 nisi
1342 2088 1463 2142 quod
1494 2089 1768 2130 menalam
1797 2089 1915 2129 Fris.
1944 2088 2077 2129 sub·

166 2144 361 2183 ornari
398 2153 456 2184 ut
500 2142 593 2182 uel
631 2150 933 2196 uagantem
981 2145 1338 2198 ephigeniam
1378 2146 1568 2195 (ceteris
1606 2146 1805 2199 omissis)
1843 2145 2007 2189 Bamb.
2047 2145 2078 2184 b

167 2200 471 2239 subornari
508 2205 567 2239 ut
606 2199 674 2239 ad
706 2200 1086 2253 ephygeniam
1118 2201 1496 2254 aduagantem
1534 2214 1992 2255 agamemnonem
2021 2205 2099 2241 et-

166 2256 479 2296 menelaum
518 2257 671 2297 Tross.
710 2257 1012 2298 subornari
1050 2263 1109 2297 ut
1149 2257 1509 2310 ephigeniam
1548 2264 1849 2311 uagantem
1890 2257 2077 2310 (ceteris

168 2313 366 2362 omissis)
387 2312 491 2356 Tur,
524 2313 834 2353 subornare
861 2327 1060 2366 uagam
1089 2314 1437 2367 iphigeniam
1457 2315 1647 2368 reliquis
1667 2329 1753 2356 om.
1773 2315 1929 2368 Opitz.
1947 2314 2076 2354 sub·

168 2370 356 2408 ornari
394 2370 449 2408 in
489 2369 847 2422 Iphigeniam
887 2370 1247 2420 (immolandam)
1285 2383 1313 2410 a
1350 2370 1673 2412 Calchante
1712 2373 2076 2425 Agamemno·

167 2438 284 2464 nem
318 2430 371 2465 et
401 2425 712 2465 Menelaum
742 2425 944 2467 Orellius
974 2427 1033 2467 in
1068 2426 1255 2467 altero
1292 2427 1415 2468 Ioco
1452 2429 1764 2469 subornare
1800 2428 2076 2480 Aesopum

169 2487 222 2520 et
263 2481 539 2521 Cimbrum
577 2482 629 2521 in
669 2481 979 2536 Iphigenia
1015 2488 1258 2536 agentes
1295 2484 1761 2536 Agamemnonem
1799 2487 1855 2525 et
1890 2483 2078 2523 Mene·

168 2536 320 2576 laum
355 2544 459 2590 post
490 2536 780 2579 Schuetzium
811 2538 1043 2592 Bergkius
1070 2538 1169 2578 Ind.
1201 2538 1305 2579 leet.
1337 2541 1483 2581 Μαι-11.
1516 2546 1634 2581 aest.
1666 2542 1778 2582 1844
1805 2554 1852 2593 p.
1871 2539 1970 2591 XV,
1999 2540 2079 2592 qui

169 2607 225 2633 ex
264 2595 403 2633 Ennii
432 2593 676 2646 Iphigenia
706 2602 887 2648 sumpta
927 2607 1030 2634 esse
1062 2595 1273 2635 coniecit.
1415 2597 1522 2638 XIV
1552 2597 1668 2638 Non.
1699 2598 1776 2648 96,
1808 2599 1834 2637 3
1864 2596 2075 2636 ‘domu-

167 2651 387 2690 tionem.
432 2650 666 2690 Pacuuius
695 2651 947 2692 Hermiona
985 2682 995 2690 .
1013 2682 1023 2692 .
1042 2682 1052 2690 .
1082 2651 1295 2692 Lucilius
1323 2651 1402 2693 lib.
1422 2665 1557 2693 xxm:
1588 2654 1887 2694 domationis'
1907 2666 1949 2695 ε.
1971 2666 2014 2705 q.
2037 2665 2075 2694 Β.

168 2705 393 2745 Videntur
424 2707 543 2745 enim
574 2706 692 2746 haec
731 2720 787 2747 ex
825 2707 1066 2760 tragoedia
1095 2713 1279 2761 sumpta
1309 2721 1429 2749 esse:
1474 2723 1579 2749 nam
1616 2711 1779 2762 inepta
1814 2709 2078 2762 obloquitur

167 2762 222 2802 L.
253 2761 448 2802 Mueller
478 2762 535 2802 de
574 2776 622 2802 re
653 2776 711 2803 m.
740 2765 847 2812 42ος
886 2765 951 2804 cf.
988 2768 1234 2816 praeterea
1264 2764 1315 2804 R.
1346 2765 1653 2806 Bouterwekii
1694 2770 1895 2818 quaestt.
1924 2763 2073 2806 Lucil.

168 2832 211 2871 p.
244 2820 313 2860 38.
372 2818 588 2871 Cogitaui
619 2818 675 2860 de
708 2820 913 2873 Telepho
944 2821 1105 2860 Ennii:
1134 2820 1296 2860 eodem
1327 2822 1487 2862 rettuli
1515 2823 1572 2862 fr.
1603 2822 1699 2863 XV.
1729 2822 1854 2864 XVI.
1883 2822 2029 2862 xvn.

283 2875 366 2914 XV
398 2875 574 2915 Seneca
607 2877 741 2928 epist.
772 2878 829 2918 80
866 2876 971 2916 ‘ille
1012 2878 1090 2929 qui
1126 2877 1349 2930 superbus
1388 2884 1526 2930 atque
1565 2881 1781 2931 inpotens
1818 2883 1867 2919 et
1902 2878 2077 2919 fiducia

171 2931 335 2970 uirium
367 2931 565 2971 tumidus
597 2932 684 2971 ait:
718 2932 863 2985 quod
891 2933 1029 2973 nisi'
1060 2947 1100 2973 e.
1132 2946 1175 2986 q.
1204 2947 1242 2975 s.
1294 2933 1532 2975 ‘diurnum
1570 2936 1762 2989 accipit,
1802 2936 1850 2975 in
1888 2938 2075 2975 centun-

171 2986 273 3027 culo
313 2987 508 3028 dormitJ
664 2988 770 3030 XVI
807 2988 1091 3030 Censorinus
1131 2991 1295 3044 fragm.
1333 3003 1375 3031 c.
1417 2994 1471 3031 14
1507 3005 1550 3045 p.
1580 2994 1636 3033 95
1670 2992 1800 3032 Iabn.
1838 2992 1967 3042 (2726
2001 2990 2075 3043 P.)

310 3157 377 3205 26
417 3158 538 3204 domi
576 3158 791 3205 ultionem
818 3168 1022 3220 utroque
1046 3163 1151 3207 loco
1174 3163 1288 3207 libri
1312 3162 1637 3208 domuitionem
1665 3161 1904 3210 Victorius*
1934 3161 2077 3207 domi·

171 3230 344 3273 tionem
373 3229 425 3273 L.
454 3228 660 3275 Mueller
684 3231 742 3275 cle
767 3245 822 3276 re
847 3247 904 3276 m.
930 3230 1052 3287 420,
1084 3235 1173 3289 qui
1199 3247 1253 3290 p.
1280 3232 1383 3278 429
1423 3240 1567 3279 tolum
1594 3247 1787 3280 uersum
1825 3249 1857 3278 α
1882 3234 2077 3278 rhetore

174 3302 428 3357 confictum
457 3313 562 3345 esse
588 3301 815 3359 adfirmat
896 3308 941 3346 et
968 3301 1302 3348 Buecheler-us
1335 3306 1563 3357 inseruit.
1598 3307 1703 3362 ipse
1738 3305 1824 3348 iam
1862 3303 2077 3349 uolebam

312 3369 376 3414 27
416 3369 692 3416 domutionis
725 3372 838 3416 libri
872 3371 1165 3417 domuitionis
1201 3373 1457 3418 Mercerus
1488 3373 1752 3419 domnionis
1785 3373 1840 3418 L.
1867 3374 2076 3419 Mueller

172 3440 204 3482 I.
240 3441 273 3483 1.
408 3454 548 3500 paene
575 3442 680 3486 edd.
719 3455 834 3500 pene
868 3443 982 3487 libri
1125 3441 1191 3489 28
1229 3443 1303 3488 De
1340 3446 1561 3502 elisione,
1599 3457 1726 3504 quae
1762 3451 1834 3490 est
1867 3447 1918 3489 in
1953 3455 2077 3490 uoce

173 3509 395 3566 flendae.
441 3512 563 3555 dixi!
600 3511 942 3556 lachmannus
986 3515 1033 3556 in
1072 3513 1218 3558 Lucr.
1261 3528 1312 3571 p.
1355 3513 1452 3560 162
1632 3513 1697 3560 29
1745 3516 1877 3574 proin
1924 3514 2074 3560 demet

174 3579 519 3624 Lachmannns
557 3581 745 3640 proin-le
784 3590 827 3626 vt
864 3583 975 3626 libri
1089 3583 1248 3628 consili
1287 3584 1629 3630 Lachmannus
1663 3584 1927 3630 consulendi
1961 3584 2077 3629 libri
