2299 3839
968 333 1018 371 L.
1050 332 1268 373 ATTIVS
1989 335 2081 386 ‘211

1052 464 1100 516 V
1143 462 1226 534 (ἓῦ)

332 557 444 610 Aut
485 560 640 627 saepe
683 578 743 611 ex
785 561 970 611 humili
1016 561 1136 612 36119
1179 561 1405 611 sublima
1448 562 1640 612 61101111.

1037 656 1114 709 VI
1155 654 1238 727 (4)

331 749 520 819 Neque
569 753 677 803 ulla
718 753 921 804 interea
962 751 1091 804 finis
1133 757 1379 805 curarum
1420 754 1589 806 datur.

330 943 495 995 §aisis
538 963 779 996 cruorem
820 946 987 1013 guttis
1029 947 1369 998 lacrimaruin
1410 948 1558 999 lauit.

331 1137 396 1190 Se.
446 1139 666 1190 uenenis
710 1139 943 1190 sterilem
992 1157 1105 1190 esse
1154 1139 1297 1190 illius
1339 1142 1501 1208 opera
1542 1144 1595 1192 et
1634 1142 1896 1193 medicina
1937 1147 2088 1194 autu-

1155 1307 1176 1379 (
1519 1256 1673 1289 mans

1233 1425 1436 1475 quaeue
1479 1408 1734 1477 adgnatio

180 1504 287 1556 580
328 1501 454 1554 Tibi
492 1510 818 1572 congenerat
858 1505 1080 1572 gentum
1121 1506 1214 1554 aut
1255 1521 1511 1573 generum
1552 1503 1846 1557 adfinitas?

903 1635 1361 1689 PHOENISSAE

1061 1733 1088 1786 Ι
1129 1731 1212 1805 (8)

326 1830 417 1884 Sol
457 1824 559 1899 qus
589 1831 878 1882 micantem
918 1830 1145 1882 candido
1187 1848 1343 1882 curru
1385 1831 1544 1899 atque
1585 1832 1734 1900 equis

290 1965 328 2004 V
360 1964 475 2004 Non.
505 1965 609 2014 489,
643 1966 668 2004 5
709 1964 978 2004 ‘sublima
1010 1977 1089 2016 pro
1122 1963 1343 2004 sublimis.
1397 1965 1560 2005 Accius
1593 1965 1773 2004 Finidis
1806 1969 1898 2006 ...⁹
2027 1967 2088 2006 VI

177 2021 293 2061 Non.
331 2022 436 2071 205,
471 2022 523 2061 10
556 2021 755 2060 ‘finem
788 2052 796 2060 .
816 2052 824 2059 .
845 2052 854 2061 .
884 2021 1107 2060 feminino
1138 2051 1146 2059 .
1167 2051 1175 2060 .
1195 2051 1205 2061 .
1235 2021 1400 2061 Accius
1432 2021 1613 2061 Finidis
1644 2054 1652 2061 .
1672 2054 1679 2061 .
1700 2027 1735 2062 .'
1855 2023 1939 2063 VII
1972 2022 2086 2062 Non.

177 2080 282 2125 503,
314 2079 366 2116 27
401 2077 576 2116 ‘lauit
608 2090 686 2129 pro
721 2077 850 2116 lauat
883 2108 890 2116 .
916 2109 924 2118 .
957 2109 966 2118 .
995 2078 1158 2118 Accius
1189 2077 1370 2117 Finidis
1401 2109 1410 2118 .
1438 2109 1448 2118 .
1475 2082 1510 2117 .’
1638 2079 1744 2120 VIII
1776 2079 1889 2118 Non.
1923 2081 1998 2129 20,
2034 2081 2086 2119 29

178 2134 538 2174 ‘medicinam
577 2133 769 2173 dicimus
809 2139 854 2173 et
891 2147 1142 2182 uenenum;
1183 2137 1377 2173 tractum
1421 2148 1447 2174 a
1482 2136 1693 2183 Graecis,
1737 2136 1813 2186 qui
1856 2149 2084 2175 uenenum

177 2191 414 2230 farmacon
446 2189 701 2242 appellant.
753 2191 918 2230 Accius
950 2190 1128 2229 Finidis
1159 2221 1167 2228 .
1195 2221 1203 2229 .
1230 2193 1264 2231 .’
1318 2190 1609 2240 (Finisdis
1642 2192 1773 2231 Leia.
1810 2192 2088 2232 Phoenis-

175 2248 252 2286 sis
285 2246 468 2293 Aldina)
613 2247 679 2287 IX
711 2247 822 2287 Non.
857 2249 930 2293 84,
963 2249 1017 2287 28
1058 2251 1437 2298 ‘congenerat
1475 2252 1545 2287 est
1585 2248 1815 2301 adiungit,
1863 2248 2083 2289 adsociat.

176 2303 343 2343 Accius
376 2302 557 2343 Fidinis
588 2334 596 2342 .
616 2335 624 2342 .
644 2307 680 2343 .’

286 2359 586 2399 Pnoemssm:
618 2358 918 2411 (Poemsslm)
949 2360 970 2399 I
1003 2360 1266 2400 Priscianus
1300 2359 1354 2400 de
1387 2362 1545 2400 metris
1577 2361 1678 2403 Ter.
1703 2375 1745 2414 p.
1772 2362 1878 2402 1325
1900 2361 1949 2400 P.
1982 2364 2085 2401 ‘nec

175 2417 318 2457 solum
357 2417 520 2456 comici
559 2417 866 2457 huiuscemodi
899 2421 1003 2456 sunt
1041 2417 1112 2457 usi
1143 2417 1325 2468 iambis,
1366 2417 1449 2457 sed
1482 2417 1619 2457 etiam
1657 2418 1824 2469 tragici
1856 2419 2079 2458 uetustis-

175 2569 509 2620 Passeratius,
549 2566 891 2612 Laelzmamzus
929 2569 975 2610 in
1015 2566 1158 2612 Lucr.
1188 2566 1276 2611 ΙΙΙ
1301 2565 1396 2611 172
1437 2565 1656 2626 abtorque
1694 2567 1805 2612 libri
1914 2568 2082 2626 prorim

185 2639 244 2682 W
277 2652 486 2699 prorem,
525 2651 777 2695 suprascr.
819 2651 868 2694 a,
908 2637 1036 2681 Leicl.
1078 2650 1255 2696 proram
1297 2640 1448 2683 ceteri
1481 2638 1594 2683 libri
1631 2637 1696 2696 cf.
1738 2637 2083 2682 Laelzmamzus

173 2713 222 2754 in
259 2710 403 2755 Lucr.
429 2709 484 2754 II
511 2707 611 2754 553
739 2722 872 2768 supra
913 2708 1041 2753 Leid.
1161 2706 1262 2754 576
1301 2707 1506 2753 sublimia
1545 2707 1697 2753 euolat
1734 2708 1904 2753 Bamb.
1946 2707 2085 2752 subli-

173 2793 268 2824 mae
307 2779 520 2824 aduolant
547 2778 766 2838 Scaliger
802 2777 1017 2823 sublimae
1055 2777 1238 2823 euolant
1265 2778 1468 2825 Botlzius
1577 2778 1677 2824 577
1718 2793 1926 2824 curarum
1955 2778 2083 2822 Bue-

174 2851 396 2896 chelerus
433 2865 560 2895 curas
597 2850 709 2894 libri
744 2850 864 2894 curai
893 2849 1097 2895 Bolbius
1241 2849 1341 2896 578
1382 2850 1522 2909 guttit
1571 2849 1629 2894 W
1778 2849 1877 2894 579
1919 2862 1966 2893 39
2006 2862 2083 2892 ue-

172 2922 298 2966 nenis
339 2922 669 2966 Buechelerus·
709 2921 887 2965 seuenis
924 2920 1036 2965 libri
1070 2920 1106 2963 si
1146 2921 1309 2965 ueneni
1339 2921 1531 2966 Grotius
1558 2920 1681 2965 Bibl.
1722 2923 1830 2965 crit.
1870 2933 1980 2965 nou.
2008 2919 2089 2964 IV

172 2992 406 3037 sementim
432 2992 690 3037 Mereerus
714 2991 886 3035 seueris
917 2991 1116 3036 Bollzius
1143 2992 1237 3035 eius
1264 2992 1451 3036 uenenis
1479 2993 1584 3036 olim
1610 2991 1787 3048 scripsi
1881 2996 1926 3035 et
1952 2990 2082 3035 Mer-

173 3075 315 3108 cerus
351 3068 394 3107 st
429 3062 545 3108 libri
572 3064 794 3121 plerique
832 3067 938 3106 sunt
979 3061 1138 3106 Vrbin.
1168 3061 1266 3108 307
1307 3068 1376 3106 est
1413 3061 1540 3107 Leid.
1670 3068 1873 3105 autumas
1917 3061 2079 3106 Vrbin.

173 3132 271 3179 307
310 3140 542 3178 autumant
570 3123 770 3178 Bollzius
903 3131 1005 3178 580
1043 3132 1116 3176 An
1157 3132 1359 3192 quaene?
1477 3131 1688 3192 adgnatio
1729 3132 2077 3187 Buechelerus,

171 3206 255 3262 qui
289 3207 508 3249 senarios
533 3206 742 3264 aynouic.
781 3202 961 3260 atsrafo,
996 3205 1164 3261 priore
1191 3202 1212 3247 f
1233 3203 1389 3248 deleta
1419 3208 1463 3248 et
1486 3215 1738 3261 suprascr.
1769 3217 1816 3262 g,
1855 3215 1936 3247 ms.
1978 3202 2082 3247 Vic-

171 3279 261 3319 tor.
299 3275 360 3319 W
393 3273 568 3334 atgraso
606 3276 757 3320 ceteri
790 3274 901 3319 libri
946 3272 1136 3319 Adrasto
1174 3274 1370 3332 Iunius,
1418 3276 1500 3333 qui
1545 3274 1742 3318 debebat
1786 3274 1953 3317 saltem
1993 3271 2082 3314 Ad-

172 3350 340 3388 rastum
365 3347 442 3390 uel
469 3343 656 3390 Adraste
695 3346 926 3390 seribere.
969 3343 1214 3403 adgrauato
1243 3344 1445 3390 Bothius
1475 3344 1519 3388 1.
1565 3342 1771 3401 Operam
1792 3343 1964 3400 perdet
2000 3346 2083 3400 qui

173 3426 339 3458 nomen
371 3417 624 3474 proprium
665 3414 718 3475 (e.
750 3429 790 3459 e.
818 3416 1024 3460 Acastum
1065 3414 1360 3474 Ascalaphum
1399 3413 1668 3474 Aphareum)
1708 3418 1929 3473 quaerat.
1982 3411 2080 3457 Nee

173 3486 324 3542 mayis
364 3486 613 3543 probabile
669 3487 789 3531 duco
846 3487 971 3545 quod
1020 3484 1120 3543 fuit
1169 3487 1251 3544 qui
1293 3489 1588 3543 proponeret
1640 3496 1855 3543 quaenam
1906 3480 2077 3527 Graios.

174 3551 345 3611 Inepte
382 3569 493 3614 quae
531 3569 689 3613 aneas,
728 3562 859 3617 grato
901 3556 1101 3601 Bolbius
1136 3554 1165 3599 2
1320 3555 1606 3615 congeminet
1647 3553 1845 3598 Botlzius
1883 3550 1911 3595 2

178 3629 367 3683 gentum
404 3626 536 3670 lzaud
570 3628 687 3671 nolit
726 3627 929 3671 Botlzius
958 3626 980 3669 1
1026 3626 1225 3685 gentium
1264 3626 1378 3671 libri
1517 3623 1634 3667 haud
1673 3621 1947 3681 degenerum
1985 3622 2080 3668 Bo·

177 3694 301 3741 tlzius
337 3692 366 3738 2
513 3694 610 3741 581
654 3697 739 3741 soli
778 3697 854 3756 qui
893 3695 1049 3741 Prisc.
1089 3696 1218 3741 Leid.
1262 3696 1300 3741 V
1437 3695 1670 3738 micantem
1718 3691 1904 3737 candido
1942 3705 2079 3738 curru

1637 3787 1723 3832 145⁸
