2294 3844
199 277 296 328 1ss)
990 272 1032 313 1,.
1065 269 1281 311 ΑΤΤ1ν3

1055 400 1107 452 II
1149 399 1232 470 (7)

340 495 646 563 Numquam
689 493 785 544 erit
827 497 932 542 13111
979 490 1230 552 inmunis,
1278 507 1394 541 011111
1448 486 1596 559 [uon]
1647 490 1764 540 mea
1812 507 1973 557 opera
2014 505 2096 539 ex-

1520 586 1748 636 tinctum
1788 585 1943 652 sciat,

348 664 489 727 Quin
530 665 810 733 fragescat.

1025 733 1106 786 III
1149 732 1269 804 (16)

346 870 355 880 .
397 871 406 879 .
450 870 458 879 .
501 869 510 879 .
550 846 647 896 pro
691 827 742 878 di
784 824 1115 877 11111101131031
1159 823 1388 891 speciem
1427 822 1718 873 humanam
1761 863 1770 872 .
1813 863 1822 872 .
1867 863 1877 873 .

196 925 302 976 340
344 923 685 975 Inuisita'tam
727 921 1012 991 egregiam,
1052 920 1330 989 indignam
1372 918 1518 970 013110
1560 922 1613 969 et
1653 917 2025 986 squalitudine.

1032 1016 1109 1068 IV
1153 1014 1273 1086 (23)

401 1153 409 1161 .
451 1114 609 1177 atque
650 1112 709 1159 ut
749 1107 919 1174 uides,
959 1124 1071 1158 non
1109 1105 1260 1156 tenui
1300 1104 1362 1155 (10
1402 1105 1534 1155 loco.

1062 1202 1111 1253 V
1154 1199 1236 1271 (8)

346 1294 519 1362 ‘Apud
561 1295 736 1361 ipsum
777 1292 970 1344 adstas.

1048 1380 1125 1431 VI
1167 1377 1250 1449 (3)

351 1473 430 1523 Tu
473 1473 653 1523 autem
695 1471 836 1539 quod
877 1488 1074 1538 quaero
1116 1468 1289 1520 enoda
1331 1471 1383 1519 01-
1424 1467 1513 1535 qui
1554 1466 1624 1517 313
1666 1466 1884 1534 explica.

1037 1564 1145 1617 VII
1186 1561 1268 1634 (4)

350 1657 490 1710 Nam
533 1677 591 1709 03
638 1653 888 1727 [demum]
933 1655 1166 1707 oblectat
1207 1655 1326 1722 spes
1368 1669 1744 1703 aerumnosum
1782 1650 2071 1718 hospitem,

201 1755 307 1805 345
347 1754 490 1806 Dum
530 1754 661 1806 ilhid
701 1753 841 1822 quod
882 1752 1042 1803 miser
1090 1753 1170 1802 est
1218 1750 1354 1801 013111
1402 1766 1515 1800 0330
1557 1750 1737 1800 censet
1777 1748 1987 1799 alteros,

204 1873 379 1912 ambitu
403 1877 448 1912 et
473 1872 761 1925 frangendo.’
804 1870 1054 1910 Coniunxit
1084 1881 1244 1909 uersus
1267 1869 1312 1908 1³
1337 1866 1453 1913 01,Ιῦ
1476 1865 1685 1919 Scaliger
1708 1865 1835 1908 Coni.
1869 1878 1912 1916 p.
1943 1865 2012 1915 68,
2036 1864 2109 1903 cui

200 1929 362 1969 merito
387 1929 586 1969 fortasse
609 1929 808 1969 accessit
829 1929 1117 1968 Hermannus
1140 1924 1282 1964 Elem.
1308 1924 1350 1967 d.
1373 1937 1429 1964 m.
1450 1937 1492 1976 p.
1511 1924 1613 1964 386:
1637 1927 1789 1962 tamen
1813 1921 1954 1961 malui
1977 1922 2108 1961 testi-

201 1986 451 2025 moniorum
495 1985 624 2025 fidem
663 1997 949 2026 conseruare.
1074 1982 1119 2023 II
1150 1981 1267 2021 Non.
1301 1983 1403 2029 111,
1444 1983 1469 2021 3
1508 1980 1697 2032 ‘frage
1714 1991 1902 2029 scere,
1942 1977 2107 2030 frangi.

201 2042 368 2082 Accius
401 2042 621 2094 Aegistho
659 2073 668 2082 .
697 2073 705 2082 .
733 2073 740 2081 .
780 2041 899 2081 idem
933 2040 1166 2091 Eurysace
1199 2041 1290 2077 ...⁹
1384 2035 1454 2078 III
1485 2036 1600 2078 Non.
1631 2037 1735 2086 225,
1768 2037 1820 2076 32
1854 2033 2111 2086 ‘squalor

203 2099 447 2138 masculini
488 2105 555 2139 est
596 2099 790 2149 generis.
833 2096 1094 2138 Feminini.’
1249 2096 1311 2135 IV
1342 2093 1459 2136 Non.
1489 2094 1591 2142 341,
1625 2094 1675 2132 12
1715 2091 1920 2142 τ100113,
1968 2102 2108 2143 genus

202 2155 418 2196 nobilitas
458 2154 672 2207 dignitas.
740 2154 946 2194 Accius
991 2153 1301 2204 Eurysace:
1344 2155 1512 2202 atque
1671 2148 1825 2189 loco.’
1867 2147 2109 2197 (Ac-tius:

204 2224 308 2251 non
350 2212 504 2251 tenui
547 2211 605 2252 de
646 2211 765 2253 loco
803 2212 937 2251 Bern.
969 2209 1016 2259 b)
1163 2210 1201 2248 V
1241 2208 1354 2248 Non.
1393 2208 1495 2256 522,
1536 2208 1589 2246 25
1628 2209 1754 2245 ‘cum
1795 2203 1941 2256 apud
1978 2203 2110 2242 iuxta

204 2267 471 2320 significet.’
616 2268 679 2307 VI
711 2269 824 2308 Non.
861 2269 932 2318 15,
964 2269 988 2306 5
1029 2265 1235 2305 ‘enoda
1276 2261 1504 2316 significat
1545 2262 1763 2314 explana,
1809 2264 1854 2299 et
1894 2272 2009 2312 quae
2049 2260 2110 2298 sit

203 2325 473 2376 proprietas,
507 2325 799 2364 manifestum
833 2327 918 2374 est,
950 2323 1035 2363 hoc
1068 2326 1138 2362 est
1170 2320 1302 2361 nodis
1336 2319 1559 2360 exsoluc.’
1665 2319 1750 2358 VII
1781 2317 1895 2357 Non.
1928 2317 2023 2367 267,
2060 2317 2110 2354 16

206 2385 461 2420 ‘censere
494 2380 723 2433 significat
757 2381 1040 2426 existimare,
1077 2378 1327 2421 arbit1·a1-i‚’

348 2500 445 2545 337
487 2514 577 2544 non
617 2501 844 2556 Rutilius,
885 2514 968 2543 om.
1008 2498 1119 2542 libri
1235 2496 1334 2541 338
1375 2496 1483 2554 quin
1510 2494 1764 2539 Mereerus
1802 2493 1955 2552 quiqui
1980 2493 2110 2537 Leicl.

206 2572 279 2630 qni
321 2573 469 2614 ceteri
505 2572 615 2615 libri
759 2569 857 2615 339
898 2569 1148 2613 Lacunam
1188 2567 1390 2624 explere
1436 2567 1592 2622 possis
1639 2565 1796 2610 addito
1835 2565 1966 2608 uelut
2004 2576 2110 2607 con·

210 2649 312 2684 tuor
423 2639 524 2685 340
549 2641 803 2688 inmitatam
831 2640 944 2683 libri
967 2638 1150 2682 inuisito
1178 2637 1282 2680 Tam
1312 2635 1513 2681 Botlzius
1539 2635 1667 2678 uisita
1695 2634 1799 2678 Tam
1827 2634 1879 2678 L.
1907 2633 2112 2678 Mueller

210 2713 394 2755 annali.
434 2711 615 2767 plu'loll.
651 2709 780 2755 1868
815 2724 867 2767 p.
896 2708 999 2754 430
1118 2706 1242 2751 clade
1282 2707 1384 2751 eclcl.
1425 2705 1547 2750 ciadc
1585 2706 1696 2750 libri
1809 2703 2111 2764 squalitudine

209 2782 377 2825 Iunius
414 2780 702 2839 squaliisdiue
738 2781 849 2825 libri
969 2777 1065 2824 341
1109 2777 1234 2821 uides
1275 2779 1415 2835 uulqo
1453 2775 1555 2820 uide
1591 2776 1702 2821 libri
1823 2774 1923 2821 342
1962 2773 2111 2818 adstas

211 2852 465 2896 Mercerus
492 2850 652 2895 adistas
679 2851 814 2895 libri.-
854 2849 920 2907 cf.
947 2849 1287 2894 lachmannus
1314 2848 1456 2892 Luer.
1483 2861 1532 2904 p.
1562 2845 1661 2891 232
1760 2845 1860 2891 343
1890 2852 1937 2890 tu
1964 2850 2109 2889 autem

213 2922 332 2980 quod
372 2935 538 2980 quaero
579 2921 720 2967 enoda
749 2922 896 2977 Leia„
936 2919 1100 2965 Delrio
1139 2925 1188 2962 tu
1227 2925 1373 2962 aulem
1414 2917 1536 2976 quod
1568 2930 1735 2976 quaero
1774 2915 1849 2960 abs
1888 2922 1932 2960 te
1970 2914 2112 2960 enoda

210 2993 317 3036 libri
352 2995 597 3051 plerique,
637 3005 754 3052 quos
793 2993 898 3036 olim
937 2996 1132 3036 seculus
1170 2996 1218 3033 tu
1259 2988 1362 3032 mihi
1403 2995 1548 3032 aulem
1589 2989 1846 3033 edideram.
1893 2992 1965 3039 tu,
2007 2999 2029 3029 a
2068 2991 2111 3029 te

210 3061 330 3121 quod
372 3076 564 3120 quaero,
604 3062 743 3107 enoda
785 3064 860 3107 uel
901 3068 973 3119 tu,
1015 3059 1135 3120 quod
1175 3073 1340 3118 quaero
1381 3073 1401 3102 3
1445 3063 1517 3115 tc,
1555 3057 1696 3102 enoda
1750 3058 1941 3103 Vossius

214 3145 324 3192 quae
364 3133 425 3176 sis
452 3133 579 3176 Leid.
609 3148 667 3181 m,
690 3148 770 3189 pr.
884 3131 984 3177 344
1011 3145 1109 3175 113111
1139 3143 1203 3187 03,
1233 3145 1318 3176 om.
1349 3129 1553 3186 demum,
1592 3130 1705 3174 libri
1723 3130 1944 3186 plerique
1980 3139 2111 3171 caena

209 3216 304 3247 mea
331 3203 485 3247 Basil.
526 3216 573 3246 03
601 3216 789 3262 namque
829 3202 1022 3247 Vossius
1060 3214 1156 3245 113111
1185 3214 1231 3244 ea
1260 3200 1352 3244 sola
1382 3199 1624 3257 Berylcius
1653 3199 1797 3256 symb.
1827 3199 1893 3242 ad
1911 3211 2107 3256 qramm.

213 3274 318 3319 Lat.
347 3272 427 3318 58.
470 3286 569 3317 nam
600 3286 709 3317 uana
737 3273 1066 3318 Buechelerus
1149 3283 1437 3315 erumnosum
1472 3270 1585 3314 libri
1689 3267 1789 3314 345
1816 3267 1857 3311 id
1887 3265 2004 3326 quod
2036 3267 2112 3310 mi-

212 3357 284 3387 ser
318 3349 387 3387 est
423 3344 537 3388 libri
569 3342 679 3387 illud
718 3356 806 3402 quo
846 3344 982 3387 miser
1019 3348 1086 3386 est
1113 3341 1403 3387 Rilschelius
1436 3341 1569 3396 apud
1604 3339 1845 3383 Albertum
1879 3337 2111 3395 Lanyi'um

218 3413 409 3467 Quaest.
450 3420 583 3458 metr.
620 3427 667 3471 p.
694 3413 722 3458 5
761 3413 802 3456 id
845 3413 963 3471 quod
995 3413 1242 3456 miseriaest
1273 3410 1618 3454 Buechelerus.
1725 3409 1924 3453 Hialum
1961 3409 2007 3452 in
2035 3420 2111 3453 se-

212 3486 341 3527 narii
367 3485 491 3540 pede
523 3487 677 3540 primo
706 3485 876 3528 tolerat
917 3483 1184 3540 Berqlsius:
1223 3479 1341 3539 quod
1380 3481 1497 3524 idem
1518 3494 1613 3536 pro
1647 3479 1856 3524 ablatiuo
1882 3479 2039 3525 habel.

212 3553 390 3598 Deesse
416 3556 664 3612 utriusque
691 3566 863 3598 uersus
884 3556 1089 3610 primam
1114 3553 1351 3612 dipodiam
1379 3563 1484 3594 eum
1511 3552 1617 3595 olim
1644 3554 1928 3606 statuerem,
1954 3553 2109 3607 poste-

214 3625 357 3667 rioris
382 3627 558 3668 initium
587 3626 758 3669 additis
785 3637 822 3668 e.
854 3637 894 3667 c.
925 3629 1107 3682 optume
1135 3622 1298 3682 hospes
1327 3622 1519 3678 expleri
1543 3620 1770 3664 uolebam,
