<?xml version="1.0" encoding="UTF-8"?>
<!DOCTYPE html PUBLIC "-//W3C//DTD XHTML 1.0 Transitional//EN"
    "http://www.w3.org/TR/xhtml1/DTD/xhtml1-transitional.dtd">
<html xmlns="http://www.w3.org/1999/xhtml" xml:lang="en" lang="en">
 <head>
  <title>
</title>
<meta http-equiv="Content-Type" content="text/html;charset=utf-8" />
  <meta name='ocr-system' content='tesseract 3.04.00' />
  <meta name='ocr-capabilities' content='ocr_page ocr_carea ocr_par ocr_line ocrx_word'/>
</head>
<body>
  <div class='ocr_page' id='page_1' title='image "./scaenicaeromano01ribbuoft_0295.png"; bbox 0 0 2294 3844; ppageno 0'>
   <div class='ocr_carea' id='block_1_1' title="bbox 998 302 2094 351">
    <p class='ocr_par' dir='ltr' id='par_1_1' title="bbox 998 302 2094 351">
     <span class='ocr_line' id='line_1_1' title="bbox 998 302 2094 351; baseline 0.006 -7"><span class='ocrx_word' id='word_1_1' title='bbox 998 306 1048 344; x_wconf 87' lang='lat' dir='ltr'>L.</span> <span class='ocrx_word' id='word_1_2' title='bbox 1082 304 1298 346; x_wconf 71' lang='lat' dir='ltr'>A&#39;rrlvs</span> <span class='ocrx_word' id='word_1_3' title='bbox 1997 302 2094 351; x_wconf 64' lang='lat'>195</span> 
     </span>
    </p>
   </div>
   <div class='ocr_carea' id='block_1_2' title="bbox 999 435 1293 505">
    <p class='ocr_par' dir='ltr' id='par_1_2' title="bbox 999 435 1293 505">
     <span class='ocr_line' id='line_1_2' title="bbox 999 435 1293 505; baseline 0.017 -17"><span class='ocrx_word' id='word_1_4' title='bbox 999 436 1132 488; x_wconf 77' lang='lat' dir='ltr'>xm</span> <span class='ocrx_word' id='word_1_5' title='bbox 1174 435 1195 505; x_wconf 74' lang='lat'>&lt;</span> <span class='ocrx_word' id='word_1_6' title='bbox 1206 436 1293 505; x_wconf 69' lang='lat'>151&gt;</span> 
     </span>
    </p>
   </div>
   <div class='ocr_carea' id='block_1_3' title="bbox 336 529 1774 602">
    <p class='ocr_par' dir='ltr' id='par_1_3' title="bbox 336 529 1774 602">
     <span class='ocr_line' id='line_1_3' title="bbox 336 529 1774 602; baseline -0.004 -15"><span class='ocrx_word' id='word_1_7' title='bbox 336 534 478 587; x_wconf 62' lang='lat' dir='ltr'>Calue</span> <span class='ocrx_word' id='word_1_8' title='bbox 520 534 779 586; x_wconf 50' lang='lat' dir='ltr'>lassitudo</span> <span class='ocrx_word' id='word_1_9' title='bbox 823 534 1086 601; x_wconf 74' lang='lat' dir='ltr'>poplitum</span> <span class='ocrx_word' id='word_1_10' title='bbox 1131 529 1322 602; x_wconf 66' lang='lat' dir='ltr'>[tuum]</span> <span class='ocrx_word' id='word_1_11' title='bbox 1367 534 1578 581; x_wconf 72' lang='lat' dir='ltr'>cursum</span> <span class='ocrx_word' id='word_1_12' title='bbox 1620 531 1774 580; x_wconf 77' lang='lat' dir='ltr'>lcuct.</span> 
     </span>
    </p>
   </div>
   <div class='ocr_carea' id='block_1_4' title="bbox 339 746 1696 935">
    <p class='ocr_par' dir='ltr' id='par_1_4' title="bbox 339 746 1696 935">
     <span class='ocr_line' id='line_1_4' title="bbox 339 746 1696 815; baseline -0.004 -14"><span class='ocrx_word' id='word_1_13' title='bbox 339 749 600 801; x_wconf 66' lang='lat' dir='ltr'>Laborem</span> <span class='ocrx_word' id='word_1_14' title='bbox 641 752 734 800; x_wconf 78' lang='lat' dir='ltr'>aut</span> <span class='ocrx_word' id='word_1_15' title='bbox 774 749 982 799; x_wconf 71' lang='lat' dir='ltr'>minuat</span> <span class='ocrx_word' id='word_1_16' title='bbox 1021 746 1182 798; x_wconf 75' lang='lat' dir='ltr'>itiner</span> <span class='ocrx_word' id='word_1_17' title='bbox 1222 747 1523 815; x_wconf 72' lang='lat' dir='ltr'>ingressum</span> <span class='ocrx_word' id='word_1_18' title='bbox 1565 746 1696 795; x_wconf 72' lang='lat' dir='ltr'>uiae.</span> 
     </span>
     <span class='ocr_line' id='line_1_5' title="bbox 1029 863 1259 935; baseline -0.009 -18"><span class='ocrx_word' id='word_1_19' title='bbox 1029 866 1131 917; x_wconf 90' lang='lat' dir='ltr'>XV</span> <span class='ocrx_word' id='word_1_20' title='bbox 1176 863 1259 935; x_wconf 70' lang='lat'>(9)</span> 
     </span>
    </p>
   </div>
   <div class='ocr_carea' id='block_1_5' title="bbox 338 960 1867 1033">
    <p class='ocr_par' dir='ltr' id='par_1_5' title="bbox 338 960 1867 1033">
     <span class='ocr_line' id='line_1_6' title="bbox 338 960 1867 1033; baseline -0.003 -20"><span class='ocrx_word' id='word_1_21' title='bbox 338 966 436 1026; x_wconf 72' lang='lat' dir='ltr'>Qui</span> <span class='ocrx_word' id='word_1_22' title='bbox 479 962 602 1033; x_wconf 16' lang='lat' dir='ltr'>‹tq-st,</span> <span class='ocrx_word' id='word_1_23' title='bbox 644 965 733 1032; x_wconf 79' lang='lat' dir='ltr'>qui</span> <span class='ocrx_word' id='word_1_24' title='bbox 774 983 883 1014; x_wconf 83' lang='lat' dir='ltr'>non</span> <span class='ocrx_word' id='word_1_25' title='bbox 925 982 1007 1014; x_wconf 83' lang='lat' dir='ltr'>me</span> <span class='ocrx_word' id='word_1_26' title='bbox 1050 964 1329 1031; x_wconf 67' lang='lat' dir='ltr'>spernens,</span> <span class='ocrx_word' id='word_1_27' title='bbox 1368 961 1595 1012; x_wconf 61' lang='lat' dir='ltr'>incili&#39;tns</span> <span class='ocrx_word' id='word_1_28' title='bbox 1637 960 1867 1027; x_wconf 60' lang='lat' dir='ltr'>probriS,</span> 
     </span>
    </p>
   </div>
   <div class='ocr_carea' id='block_1_6' title="bbox 339 1056 1608 1127">
    <p class='ocr_par' dir='ltr' id='par_1_6' title="bbox 339 1056 1608 1127">
     <span class='ocr_line' id='line_1_7' title="bbox 339 1056 1608 1127; baseline -0.003 -16"><span class='ocrx_word' id='word_1_29' title='bbox 339 1060 594 1112; x_wconf 67' lang='lat' dir='ltr'>Sernu&#39;mc</span> <span class='ocrx_word' id='word_1_30' title='bbox 636 1061 953 1111; x_wconf 63' lang='lat' dir='ltr'>indecmuns</span> <span class='ocrx_word' id='word_1_31' title='bbox 994 1059 1138 1127; x_wconf 63' lang='lat' dir='ltr'>tnrpi</span> <span class='ocrx_word' id='word_1_32' title='bbox 1177 1061 1324 1110; x_wconf 55' lang='lat' dir='ltr'>fania,</span> <span class='ocrx_word' id='word_1_33' title='bbox 1364 1056 1608 1109; x_wconf 72' lang='lat' dir='ltr'>differet?</span> 
     </span>
    </p>
   </div>
   <div class='ocr_carea' id='block_1_7' title="bbox 190 1175 1898 1506">
    <p class='ocr_par' dir='ltr' id='par_1_7' title="bbox 190 1175 1898 1506">
     <span class='ocr_line' id='line_1_8' title="bbox 1011 1175 1267 1246; baseline -0.008 -17"><span class='ocrx_word' id='word_1_34' title='bbox 1011 1177 1142 1229; x_wconf 88' lang='lat' dir='ltr'>XVI</span> <span class='ocrx_word' id='word_1_35' title='bbox 1184 1175 1267 1246; x_wconf 72' lang='grc' dir='ltr'>(ὃ)</span> 
     </span>
     <span class='ocr_line' id='line_1_9' title="bbox 190 1270 1898 1342; baseline -0.004 -15"><span class='ocrx_word' id='word_1_36' title='bbox 190 1278 298 1329; x_wconf 70' lang='lat'>40⁴1&gt;</span> <span class='ocrx_word' id='word_1_37' title='bbox 338 1275 488 1327; x_wconf 74' lang='lat' dir='ltr'>&#39;Erat</span> <span class='ocrx_word' id='word_1_38' title='bbox 527 1276 663 1328; x_wconf 70' lang='lat' dir='ltr'>istuc</span> <span class='ocrx_word' id='word_1_39' title='bbox 706 1274 883 1342; x_wconf 72' lang='lat' dir='ltr'>uirile,</span> <span class='ocrx_word' id='word_1_40' title='bbox 923 1278 1060 1326; x_wconf 81' lang='lat' dir='ltr'>ferre</span> <span class='ocrx_word' id='word_1_41' title='bbox 1102 1274 1388 1325; x_wconf 76' lang='lat' dir='ltr'>aduorsam</span> <span class='ocrx_word' id='word_1_42' title='bbox 1427 1273 1702 1324; x_wconf 56' lang='lat' dir='ltr'>fortunam</span> <span class='ocrx_word' id='word_1_43' title='bbox 1742 1270 1898 1323; x_wconf 72' lang='lat' dir='ltr'>facul.</span> 
     </span>
     <span class='ocr_line' id='line_1_10' title="bbox 191 1391 1291 1506; baseline -0.004 -58"><span class='ocrx_word' id='word_1_44' title='bbox 191 1457 289 1506; x_wconf 49' lang='lat'>4⁴5¹</span> <span class='ocrx_word' id='word_1_45' title='bbox 1005 1393 1165 1446; x_wconf 85' lang='lat' dir='ltr'>XVII</span> <span class='ocrx_word' id='word_1_46' title='bbox 1208 1391 1291 1463; x_wconf 83' lang='grc'>(6)</span> 
     </span>
    </p>
   </div>
   <div class='ocr_carea' id='block_1_8' title="bbox 191 1486 2099 1581">
    <p class='ocr_par' dir='ltr' id='par_1_8' title="bbox 191 1486 2099 1581">
     <span class='ocr_line' id='line_1_11' title="bbox 191 1486 2099 1581; baseline -0.003 -38"><span class='ocrx_word' id='word_1_47' title='bbox 191 1531 297 1581; x_wconf 58' lang='lat'>415⁶&gt;</span> <span class='ocrx_word' id='word_1_48' title='bbox 338 1491 379 1542; x_wconf 84' lang='lat' dir='ltr'><strong>F</strong></span> <span class='ocrx_word' id='word_1_49' title='bbox 384 1490 514 1559; x_wconf 67' lang='lat' dir='ltr'>rsgit</span> <span class='ocrx_word' id='word_1_50' title='bbox 553 1494 836 1544; x_wconf 72' lang='lat' dir='ltr'>fricantem</span> <span class='ocrx_word' id='word_1_51' title='bbox 871 1492 1062 1560; x_wconf 66' lang='lat' dir='ltr'>corpus·</span> <span class='ocrx_word' id='word_1_52' title='bbox 1104 1491 1256 1541; x_wconf 77' lang='lat' dir='ltr'>acula</span> <span class='ocrx_word' id='word_1_53' title='bbox 1283 1490 1486 1541; x_wconf 71' lang='lat' dir='ltr'>occulte</span> <span class='ocrx_word' id='word_1_54' title='bbox 1514 1489 1762 1539; x_wconf 70' lang='lat' dir='ltr'>abstrusa</span> <span class='ocrx_word' id='word_1_55' title='bbox 1787 1487 1839 1537; x_wconf 86' lang='lat' dir='ltr'>in</span> <span class='ocrx_word' id='word_1_56' title='bbox 1869 1486 2099 1538; x_wconf 61' lang='lat' dir='ltr'>flumine.</span> 
     </span>
    </p>
   </div>
   <div class='ocr_carea' id='block_1_9' title="bbox 698 1642 1604 1701">
    <p class='ocr_par' dir='ltr' id='par_1_9' title="bbox 698 1642 1604 1701">
     <span class='ocr_line' id='line_1_12' title="bbox 698 1642 1604 1701; baseline -0.007 0"><span class='ocrx_word' id='word_1_57' title='bbox 698 1646 925 1701; x_wconf 65' lang='lat' dir='ltr'>MINOS</span> <span class='ocrx_word' id='word_1_58' title='bbox 967 1648 1078 1698; x_wconf 73' lang='lat' dir='ltr'>siue</span> <span class='ocrx_word' id='word_1_59' title='bbox 1118 1642 1604 1698; x_wconf 75' lang='lat' dir='ltr'>MINOTAVRVS</span> 
     </span>
    </p>
   </div>
   <div class='ocr_carea' id='block_1_10' title="bbox 338 1748 2021 1822">
    <p class='ocr_par' dir='ltr' id='par_1_10' title="bbox 338 1748 2021 1822">
     <span class='ocr_line' id='line_1_13' title="bbox 338 1748 2021 1822; baseline -0.004 -17"><span class='ocrx_word' id='word_1_60' title='bbox 338 1752 436 1805; x_wconf 80' lang='lat' dir='ltr'>&#39;Ex</span> <span class='ocrx_word' id='word_1_61' title='bbox 477 1754 760 1822; x_wconf 75' lang='lat' dir='ltr'>taurigeno</span> <span class='ocrx_word' id='word_1_62' title='bbox 802 1752 1002 1804; x_wconf 64' lang='lat' dir='ltr'>semine</span> <span class='ocrx_word' id='word_1_63' title='bbox 1043 1754 1216 1803; x_wconf 79' lang='lat' dir='ltr'>ortam</span> <span class='ocrx_word' id='word_1_64' title='bbox 1255 1748 1422 1801; x_wconf 71' lang='lat' dir='ltr'>fuisse</span> <span class='ocrx_word' id='word_1_65' title='bbox 1464 1767 1532 1800; x_wconf 76' lang='lat' dir='ltr'>an</span> <span class='ocrx_word' id='word_1_66' title='bbox 1572 1748 1809 1799; x_wconf 71' lang='lat' dir='ltr'>humano</span> <span class='ocrx_word' id='word_1_67' title='bbox 1852 1748 2021 1798; x_wconf 73' lang='lat' dir='ltr'>feram</span> 
     </span>
    </p>
   </div>
   <div class='ocr_carea' id='block_1_11' title="bbox 194 1910 2107 2138">
    <p class='ocr_par' dir='ltr' id='par_1_11' title="bbox 194 1910 2107 2138">
     <span class='ocr_line' id='line_1_14' title="bbox 194 1910 2102 1969; baseline -0.004 -13"><span class='ocrx_word' id='word_1_68' title='bbox 194 1929 354 1968; x_wconf 86' lang='lat' dir='ltr'>rysace</span> <span class='ocrx_word' id='word_1_69' title='bbox 395 1948 402 1955; x_wconf 94' lang='lat'>.</span> <span class='ocrx_word' id='word_1_70' title='bbox 433 1949 440 1956; x_wconf 94' lang='lat'>.</span> <span class='ocrx_word' id='word_1_71' title='bbox 469 1948 477 1955; x_wconf 94' lang='lat'>.</span> <span class='ocrx_word' id='word_1_72' title='bbox 515 1917 631 1956; x_wconf 82' lang='lat' dir='ltr'>idem</span> <span class='ocrx_word' id='word_1_73' title='bbox 664 1916 898 1969; x_wconf 79' lang='lat' dir='ltr'>Meleagro</span> <span class='ocrx_word' id='word_1_74' title='bbox 939 1947 947 1955; x_wconf 88' lang='lat'><strong>.</strong></span> <span class='ocrx_word' id='word_1_75' title='bbox 976 1947 983 1954; x_wconf 93' lang='lat'><em>.</em></span> <span class='ocrx_word' id='word_1_76' title='bbox 1011 1917 1044 1954; x_wconf 88' lang='lat'>.&#39;</span> <span class='ocrx_word' id='word_1_77' title='bbox 1190 1914 1302 1954; x_wconf 87' lang='lat' dir='ltr'>XIII</span> <span class='ocrx_word' id='word_1_78' title='bbox 1334 1913 1448 1955; x_wconf 85' lang='lat' dir='ltr'>Non.</span> <span class='ocrx_word' id='word_1_79' title='bbox 1483 1913 1586 1961; x_wconf 80' lang='lat'>336,</span> <span class='ocrx_word' id='word_1_80' title='bbox 1619 1913 1673 1951; x_wconf 86' lang='grc'>28</span> <span class='ocrx_word' id='word_1_81' title='bbox 1704 1910 1928 1951; x_wconf 78' lang='lat' dir='ltr'>‘leuare</span> <span class='ocrx_word' id='word_1_82' title='bbox 1964 1913 2102 1950; x_wconf 75' lang='lat' dir='ltr'>etiam</span> 
     </span>
     <span class='ocr_line' id='line_1_15' title="bbox 195 1967 2105 2023; baseline -0.002 -12"><span class='ocrx_word' id='word_1_83' title='bbox 195 1975 432 2016; x_wconf 57' lang='lat' dir='ltr'>minuere)</span> <span class='ocrx_word' id='word_1_84' title='bbox 580 1974 682 2013; x_wconf 86' lang='lat' dir='ltr'>XIV</span> <span class='ocrx_word' id='word_1_85' title='bbox 715 1974 829 2015; x_wconf 85' lang='lat' dir='ltr'>Non.</span> <span class='ocrx_word' id='word_1_86' title='bbox 861 1974 966 2023; x_wconf 75' lang='lat'>482,</span> <span class='ocrx_word' id='word_1_87' title='bbox 999 1974 1051 2012; x_wconf 86' lang='grc'>27</span> <span class='ocrx_word' id='word_1_88' title='bbox 1095 1972 1301 2011; x_wconf 79' lang='lat' dir='ltr'><strong>‘itiner</strong></span> <span class='ocrx_word' id='word_1_89' title='bbox 1339 1971 1507 2009; x_wconf 85' lang='lat' dir='ltr'>dictum</span> <span class='ocrx_word' id='word_1_90' title='bbox 1547 1982 1626 2020; x_wconf 82' lang='lat' dir='ltr'>pro</span> <span class='ocrx_word' id='word_1_91' title='bbox 1660 1969 1747 2008; x_wconf 86' lang='lat' dir='ltr'>iter</span> <span class='ocrx_word' id='word_1_92' title='bbox 1787 1999 1794 2007; x_wconf 91' lang='lat'><strong><em>.</em></strong></span> <span class='ocrx_word' id='word_1_93' title='bbox 1822 1999 1830 2006; x_wconf 92' lang='lat'><strong>.</strong></span> <span class='ocrx_word' id='word_1_94' title='bbox 1857 1999 1866 2007; x_wconf 94' lang='lat'><strong>.</strong></span> <span class='ocrx_word' id='word_1_95' title='bbox 1893 1999 1902 2006; x_wconf 90' lang='lat'><strong>.</strong></span> <span class='ocrx_word' id='word_1_96' title='bbox 1938 1967 2105 2007; x_wconf 81' lang='lat' dir='ltr'>Accius</span> 
     </span>
     <span class='ocr_line' id='line_1_16' title="bbox 195 2023 2106 2082; baseline -0.003 -13"><span class='ocrx_word' id='word_1_97' title='bbox 195 2030 427 2069; x_wconf 82' lang='lat' dir='ltr'>Oenomao</span> <span class='ocrx_word' id='word_1_98' title='bbox 458 2061 466 2069; x_wconf 95' lang='lat'><strong>.</strong></span> <span class='ocrx_word' id='word_1_99' title='bbox 493 2061 501 2070; x_wconf 91' lang='lat'><strong><em>.</em></strong></span> <span class='ocrx_word' id='word_1_100' title='bbox 530 2061 539 2068; x_wconf 91' lang='lat'><strong>.</strong></span> <span class='ocrx_word' id='word_1_101' title='bbox 571 2030 685 2068; x_wconf 85' lang='lat' dir='ltr'>idem</span> <span class='ocrx_word' id='word_1_102' title='bbox 717 2030 951 2082; x_wconf 77' lang='lat' dir='ltr'>Meleagro</span> <span class='ocrx_word' id='word_1_103' title='bbox 980 2060 990 2069; x_wconf 89' lang='lat'><strong>.</strong></span> <span class='ocrx_word' id='word_1_104' title='bbox 1017 2060 1026 2069; x_wconf 85' lang='lat'><strong>.</strong></span> <span class='ocrx_word' id='word_1_105' title='bbox 1056 2032 1091 2070; x_wconf 79' lang='lat'>‚²</span> <span class='ocrx_word' id='word_1_106' title='bbox 1239 2027 1319 2066; x_wconf 88' lang='lat' dir='ltr'>XV</span> <span class='ocrx_word' id='word_1_107' title='bbox 1349 2026 1464 2065; x_wconf 89' lang='lat' dir='ltr'>Non.</span> <span class='ocrx_word' id='word_1_108' title='bbox 1500 2027 1599 2075; x_wconf 86' lang='grc'>124,</span> <span class='ocrx_word' id='word_1_109' title='bbox 1632 2026 1684 2065; x_wconf 87' lang='grc'>32</span> <span class='ocrx_word' id='word_1_110' title='bbox 1727 2023 2002 2064; x_wconf 78' lang='lat' dir='ltr'>‘ineilare</span> <span class='ocrx_word' id='word_1_111' title='bbox 2037 2029 2106 2063; x_wconf 84' lang='lat' dir='ltr'>est</span> 
     </span>
     <span class='ocr_line' id='line_1_17' title="bbox 196 2081 2107 2138; baseline -0.002 -14"><span class='ocrx_word' id='word_1_112' title='bbox 196 2086 436 2137; x_wconf 79' lang='lat' dir='ltr'>increpare</span> <span class='ocrx_word' id='word_1_113' title='bbox 468 2086 545 2125; x_wconf 85' lang='lat' dir='ltr'>uel</span> <span class='ocrx_word' id='word_1_114' title='bbox 578 2087 854 2138; x_wconf 68' lang='lat' dir='ltr'>inprobare.³</span> <span class='ocrx_word' id='word_1_115' title='bbox 973 2086 1078 2125; x_wconf 89' lang='lat' dir='ltr'>XVI</span> <span class='ocrx_word' id='word_1_116' title='bbox 1101 2086 1217 2124; x_wconf 88' lang='lat' dir='ltr'>Non.</span> <span class='ocrx_word' id='word_1_117' title='bbox 1244 2086 1341 2129; x_wconf 88' lang='lat'>111,</span> <span class='ocrx_word' id='word_1_118' title='bbox 1366 2085 1418 2123; x_wconf 84' lang='grc'>23</span> <span class='ocrx_word' id='word_1_119' title='bbox 1452 2081 1631 2122; x_wconf 70' lang='lat' dir='ltr'>&lt;facul</span> <span class='ocrx_word' id='word_1_120' title='bbox 1664 2095 1744 2134; x_wconf 86' lang='lat' dir='ltr'>pro</span> <span class='ocrx_word' id='word_1_121' title='bbox 1780 2081 1984 2121; x_wconf 75' lang='lat' dir='ltr'>faciliter</span> <span class='ocrx_word' id='word_1_122' title='bbox 2013 2112 2022 2121; x_wconf 85' lang='lat'><strong>.</strong></span> <span class='ocrx_word' id='word_1_123' title='bbox 2043 2112 2050 2120; x_wconf 88' lang='lat'>.</span> <span class='ocrx_word' id='word_1_124' title='bbox 2071 2083 2107 2120; x_wconf 87' lang='lat'>.&#39;</span> 
     </span>
    </p>
   </div>
   <div class='ocr_carea' id='block_1_12' title="bbox 197 2137 2103 2239">
    <p class='ocr_par' dir='ltr' id='par_1_12' title="bbox 197 2137 2103 2239">
     <span class='ocr_line' id='line_1_18' title="bbox 309 2137 2103 2195; baseline -0.003 -14"><span class='ocrx_word' id='word_1_125' title='bbox 309 2142 439 2182; x_wconf 84' lang='lat' dir='ltr'>XVII</span> <span class='ocrx_word' id='word_1_126' title='bbox 471 2143 585 2182; x_wconf 83' lang='lat' dir='ltr'>Non.</span> <span class='ocrx_word' id='word_1_127' title='bbox 618 2144 723 2195; x_wconf 81' lang='lat'>308,</span> <span class='ocrx_word' id='word_1_128' title='bbox 757 2144 781 2181; x_wconf 83' lang='lat'>9</span> <span class='ocrx_word' id='word_1_129' title='bbox 816 2141 935 2193; x_wconf 82' lang='lat' dir='ltr'>(uide</span> <span class='ocrx_word' id='word_1_130' title='bbox 964 2140 1046 2193; x_wconf 85' lang='lat' dir='ltr'>IV)</span> <span class='ocrx_word' id='word_1_131' title='bbox 1192 2140 1469 2180; x_wconf 78' lang='lat' dir='ltr'>Coniectura</span> <span class='ocrx_word' id='word_1_132' title='bbox 1508 2139 1578 2178; x_wconf 85' lang='lat' dir='ltr'>his</span> <span class='ocrx_word' id='word_1_133' title='bbox 1610 2138 1719 2178; x_wconf 85' lang='lat' dir='ltr'>addi</span> <span class='ocrx_word' id='word_1_134' title='bbox 1750 2137 1860 2178; x_wconf 89' lang='lat' dir='ltr'>licet</span> <span class='ocrx_word' id='word_1_135' title='bbox 1893 2139 1981 2177; x_wconf 89' lang='lat' dir='ltr'>inc.</span> <span class='ocrx_word' id='word_1_136' title='bbox 2015 2138 2103 2177; x_wconf 89' lang='lat' dir='ltr'>inc.</span> 
     </span>
     <span class='ocr_line' id='line_1_19' title="bbox 197 2198 702 2239; baseline -0.002 -2"><span class='ocrx_word' id='word_1_137' title='bbox 197 2199 291 2239; x_wconf 75' lang='lat' dir='ltr'>fab.</span> <span class='ocrx_word' id='word_1_138' title='bbox 325 2199 427 2238; x_wconf 85' lang='lat' dir='ltr'>CXI</span> <span class='ocrx_word' id='word_1_139' title='bbox 461 2203 506 2238; x_wconf 89' lang='lat' dir='ltr'>et</span> <span class='ocrx_word' id='word_1_140' title='bbox 539 2198 702 2238; x_wconf 84' lang='lat' dir='ltr'>CXIII.</span> 
     </span>
    </p>
   </div>
   <div class='ocr_carea' id='block_1_13' title="bbox 199 2250 2107 2466">
    <p class='ocr_par' dir='ltr' id='par_1_13' title="bbox 199 2250 2107 2466">
     <span class='ocr_line' id='line_1_20' title="bbox 310 2250 2107 2306; baseline -0.003 -13"><span class='ocrx_word' id='word_1_141' title='bbox 310 2255 616 2295; x_wconf 65' lang='lat' dir='ltr'>MinoTAvnvs</span> <span class='ocrx_word' id='word_1_142' title='bbox 650 2255 911 2294; x_wconf 71' lang='lat' dir='ltr'>Priscianus</span> <span class='ocrx_word' id='word_1_143' title='bbox 946 2255 1005 2294; x_wconf 85' lang='lat' dir='ltr'>Vl</span> <span class='ocrx_word' id='word_1_144' title='bbox 1040 2268 1080 2306; x_wconf 91' lang='lat' dir='ltr'>p.</span> <span class='ocrx_word' id='word_1_145' title='bbox 1113 2255 1193 2293; x_wconf 83' lang='grc'>677</span> <span class='ocrx_word' id='word_1_146' title='bbox 1226 2253 1275 2294; x_wconf 90' lang='lat' dir='ltr'>P.</span> <span class='ocrx_word' id='word_1_147' title='bbox 1313 2252 1636 2305; x_wconf 78' lang='lat' dir='ltr'>‘caprigenns‚</span> <span class='ocrx_word' id='word_1_148' title='bbox 1671 2250 1950 2303; x_wconf 77' lang='lat' dir='ltr'>terrigenas,</span> <span class='ocrx_word' id='word_1_149' title='bbox 1984 2255 2107 2289; x_wconf 77' lang='lat' dir='ltr'>tau-</span> 
     </span>
     <span class='ocr_line' id='line_1_21' title="bbox 199 2307 2105 2363; baseline -0.003 -13"><span class='ocrx_word' id='word_1_150' title='bbox 199 2313 428 2363; x_wconf 82' lang='lat' dir='ltr'>rigenus</span> <span class='ocrx_word' id='word_1_151' title='bbox 466 2343 475 2352; x_wconf 91' lang='lat'><strong>.</strong></span> <span class='ocrx_word' id='word_1_152' title='bbox 502 2343 511 2352; x_wconf 92' lang='lat'>.</span> <span class='ocrx_word' id='word_1_153' title='bbox 536 2342 545 2351; x_wconf 92' lang='lat'><em>.</em></span> <span class='ocrx_word' id='word_1_154' title='bbox 586 2313 751 2352; x_wconf 81' lang='lat' dir='ltr'>Accius</span> <span class='ocrx_word' id='word_1_155' title='bbox 785 2313 830 2350; x_wconf 91' lang='lat' dir='ltr'>in</span> <span class='ocrx_word' id='word_1_156' title='bbox 862 2313 977 2351; x_wconf 84' lang='lat' dir='ltr'>Ioe:</span> <span class='ocrx_word' id='word_1_157' title='bbox 1013 2314 1093 2351; x_wconf 86' lang='lat' dir='ltr'>ex’</span> <span class='ocrx_word' id='word_1_158' title='bbox 1130 2323 1166 2349; x_wconf 90' lang='lat' dir='ltr'>e.</span> <span class='ocrx_word' id='word_1_159' title='bbox 1199 2324 1238 2362; x_wconf 90' lang='lat' dir='ltr'>q.</span> <span class='ocrx_word' id='word_1_160' title='bbox 1275 2324 1308 2351; x_wconf 81' lang='lat' dir='ltr'>s,</span> <span class='ocrx_word' id='word_1_161' title='bbox 1361 2308 1580 2360; x_wconf 87' lang='lat' dir='ltr'>(Actius</span> <span class='ocrx_word' id='word_1_162' title='bbox 1623 2307 1757 2349; x_wconf 68' lang='lat'>11:211»,</span> <span class='ocrx_word' id='word_1_163' title='bbox 1877 2307 1929 2345; x_wconf 86' lang='lat' dir='ltr'>in</span> <span class='ocrx_word' id='word_1_164' title='bbox 1964 2307 2105 2346; x_wconf 85' lang='lat' dir='ltr'>.I.oe</span> 
     </span>
     <span class='ocr_line' id='line_1_22' title="bbox 200 2365 2105 2419; baseline -0.003 -13"><span class='ocrx_word' id='word_1_165' title='bbox 200 2369 332 2408; x_wconf 72' lang='lat' dir='ltr'>Rern.</span> <span class='ocrx_word' id='word_1_166' title='bbox 367 2368 475 2407; x_wconf 83' lang='lat' dir='ltr'>Min</span> <span class='ocrx_word' id='word_1_167' title='bbox 491 2382 550 2407; x_wconf 84' lang='lat' dir='ltr'>oc</span> <span class='ocrx_word' id='word_1_168' title='bbox 587 2367 771 2419; x_wconf 79' lang='lat' dir='ltr'>Dresd.)</span> <span class='ocrx_word' id='word_1_169' title='bbox 816 2368 1075 2407; x_wconf 79' lang='lat' dir='ltr'>Macrobius</span> <span class='ocrx_word' id='word_1_170' title='bbox 1108 2368 1205 2407; x_wconf 82' lang='lat' dir='ltr'>Sat.</span> <span class='ocrx_word' id='word_1_171' title='bbox 1242 2366 1303 2406; x_wconf 94' lang='lat' dir='ltr'>VI</span> <span class='ocrx_word' id='word_1_172' title='bbox 1334 2367 1382 2418; x_wconf 86' lang='lat'>5,</span> <span class='ocrx_word' id='word_1_173' title='bbox 1420 2367 1469 2404; x_wconf 76' lang='lat'>14</span> <span class='ocrx_word' id='word_1_174' title='bbox 1509 2365 1927 2416; x_wconf 81' lang='lat' dir='ltr'>‘caprigenumque</span> <span class='ocrx_word' id='word_1_175' title='bbox 1967 2375 2105 2415; x_wconf 86' lang='lat' dir='ltr'>pecus</span> 
     </span>
     <span class='ocr_line' id='line_1_23' title="bbox 206 2423 1637 2466; baseline -0.003 -2"><span class='ocrx_word' id='word_1_176' title='bbox 206 2456 214 2464; x_wconf 92' lang='lat'>.</span> <span class='ocrx_word' id='word_1_177' title='bbox 235 2457 271 2466; x_wconf 90' lang='lat'>..</span> <span class='ocrx_word' id='word_1_178' title='bbox 301 2426 467 2466; x_wconf 83' lang='lat' dir='ltr'>Accius</span> <span class='ocrx_word' id='word_1_179' title='bbox 499 2426 544 2464; x_wconf 89' lang='lat' dir='ltr'>in</span> <span class='ocrx_word' id='word_1_180' title='bbox 577 2424 838 2465; x_wconf 82' lang='lat' dir='ltr'>Philocteta</span> <span class='ocrx_word' id='word_1_181' title='bbox 870 2456 906 2464; x_wconf 92' lang='lat'>..</span> <span class='ocrx_word' id='word_1_182' title='bbox 926 2457 934 2464; x_wconf 92' lang='lat'>.</span> <span class='ocrx_word' id='word_1_183' title='bbox 966 2424 1083 2464; x_wconf 86' lang='lat' dir='ltr'>idem</span> <span class='ocrx_word' id='word_1_184' title='bbox 1116 2424 1164 2463; x_wconf 89' lang='lat' dir='ltr'>in</span> <span class='ocrx_word' id='word_1_185' title='bbox 1195 2423 1515 2462; x_wconf 85' lang='lat' dir='ltr'>Minotauro</span> <span class='ocrx_word' id='word_1_186' title='bbox 1545 2451 1554 2461; x_wconf 87' lang='lat'><strong>.</strong></span> <span class='ocrx_word' id='word_1_187' title='bbox 1574 2424 1637 2460; x_wconf 80' lang='lat'>..²</span> 
     </span>
    </p>
   </div>
   <div class='ocr_carea' id='block_1_14' title="bbox 198 2611 2113 3734">
    <p class='ocr_par' dir='ltr' id='par_1_14' title="bbox 198 2611 2113 3734">
     <span class='ocr_line' id='line_1_24' title="bbox 200 2611 2105 2680; baseline -0.004 -16"><span class='ocrx_word' id='word_1_188' title='bbox 200 2622 366 2680; x_wconf 71' lang='lat' dir='ltr'>uulqo,</span> <span class='ocrx_word' id='word_1_189' title='bbox 404 2617 747 2665; x_wconf 78' lang='lat' dir='ltr'>Laclemamzus</span> <span class='ocrx_word' id='word_1_190' title='bbox 784 2621 830 2663; x_wconf 83' lang='lat' dir='ltr'>in</span> <span class='ocrx_word' id='word_1_191' title='bbox 868 2618 1014 2662; x_wconf 75' lang='lat' dir='ltr'>Lacr.</span> <span class='ocrx_word' id='word_1_192' title='bbox 1069 2617 1133 2663; x_wconf 92' lang='lat' dir='ltr'>VI</span> <span class='ocrx_word' id='word_1_193' title='bbox 1171 2611 1309 2674; x_wconf 67' lang='lat'>743,</span> <span class='ocrx_word' id='word_1_194' title='bbox 1337 2619 1420 2676; x_wconf 82' lang='lat' dir='ltr'>qui</span> <span class='ocrx_word' id='word_1_195' title='bbox 1453 2616 1634 2660; x_wconf 78' lang='lat' dir='ltr'>hiatum</span> <span class='ocrx_word' id='word_1_196' title='bbox 1672 2614 1882 2672; x_wconf 79' lang='lat' dir='ltr'>defendit</span> <span class='ocrx_word' id='word_1_197' title='bbox 1923 2612 1994 2658; x_wconf 86' lang='lat' dir='ltr'>ubi</span> <span class='ocrx_word' id='word_1_198' title='bbox 2036 2612 2105 2657; x_wconf 81' lang='lat' dir='ltr'>ubi</span> 
     </span>
     <span class='ocr_line' id='line_1_25' title="bbox 200 2681 2107 2747; baseline -0.004 -12"><span class='ocrx_word' id='word_1_199' title='bbox 200 2699 350 2737; x_wconf 86' lang='lat' dir='ltr'>torrus</span> <span class='ocrx_word' id='word_1_200' title='bbox 377 2691 427 2735; x_wconf 89' lang='lat' dir='ltr'>L.</span> <span class='ocrx_word' id='word_1_201' title='bbox 457 2691 660 2736; x_wconf 79' lang='lat' dir='ltr'>Mueller</span> <span class='ocrx_word' id='word_1_202' title='bbox 698 2691 755 2734; x_wconf 80' lang='lat' dir='ltr'>cle</span> <span class='ocrx_word' id='word_1_203' title='bbox 780 2703 836 2734; x_wconf 83' lang='lat' dir='ltr'>re</span> <span class='ocrx_word' id='word_1_204' title='bbox 862 2704 919 2734; x_wconf 85' lang='lat' dir='ltr'>m.</span> <span class='ocrx_word' id='word_1_205' title='bbox 949 2688 1016 2735; x_wconf 88' lang='lat'>30</span> <span class='ocrx_word' id='word_1_206' title='bbox 1160 2687 1261 2733; x_wconf 87' lang='lat'>455</span> <span class='ocrx_word' id='word_1_207' title='bbox 1302 2693 1379 2731; x_wconf 82' lang='lat' dir='ltr'>aut</span> <span class='ocrx_word' id='word_1_208' title='bbox 1414 2681 1554 2747; x_wconf 84' lang='lat' dir='ltr'>unde]</span> <span class='ocrx_word' id='word_1_209' title='bbox 1595 2685 1756 2729; x_wconf 77' lang='lat' dir='ltr'>animi?</span> <span class='ocrx_word' id='word_1_210' title='bbox 1796 2684 1913 2729; x_wconf 85' lang='lat' dir='ltr'>unde</span> <span class='ocrx_word' id='word_1_211' title='bbox 1949 2686 2107 2729; x_wconf 87' lang='lat' dir='ltr'>malim</span> 
     </span>
     <span class='ocr_line' id='line_1_26' title="bbox 200 2756 2107 2820; baseline -0.004 -14"><span class='ocrx_word' id='word_1_212' title='bbox 200 2769 397 2806; x_wconf 74' lang='lat' dir='ltr'>actutum</span> <span class='ocrx_word' id='word_1_213' title='bbox 427 2764 549 2806; x_wconf 79' lang='lat' dir='ltr'>coni.</span> <span class='ocrx_word' id='word_1_214' title='bbox 575 2762 893 2820; x_wconf 69' lang='lat' dir='ltr'>Isiesslinyius</span> <span class='ocrx_word' id='word_1_215' title='bbox 1002 2759 1103 2805; x_wconf 85' lang='grc'>456</span> <span class='ocrx_word' id='word_1_216' title='bbox 1130 2758 1353 2819; x_wconf 79' lang='lat' dir='ltr'>poplitum</span> <span class='ocrx_word' id='word_1_217' title='bbox 1382 2759 1484 2802; x_wconf 80' lang='lat' dir='ltr'>ecld.</span> <span class='ocrx_word' id='word_1_218' title='bbox 1512 2756 1657 2816; x_wconf 88' lang='lat' dir='ltr'>poplit</span> <span class='ocrx_word' id='word_1_219' title='bbox 1683 2757 1797 2801; x_wconf 80' lang='lat' dir='ltr'>libri</span> <span class='ocrx_word' id='word_1_220' title='bbox 1869 2761 1992 2799; x_wconf 86' lang='lat' dir='ltr'>tuum</span> <span class='ocrx_word' id='word_1_221' title='bbox 2022 2770 2107 2799; x_wconf 85' lang='lat' dir='ltr'>om.</span> 
     </span>
     <span class='ocr_line' id='line_1_27' title="bbox 198 2826 2108 2887; baseline -0.005 -9"><span class='ocrx_word' id='word_1_222' title='bbox 198 2833 308 2878; x_wconf 83' lang='lat' dir='ltr'>libri</span> <span class='ocrx_word' id='word_1_223' title='bbox 437 2831 537 2877; x_wconf 83' lang='lat'>457</span> <span class='ocrx_word' id='word_1_224' title='bbox 575 2830 773 2876; x_wconf 77' lang='lat' dir='ltr'>laborem</span> <span class='ocrx_word' id='word_1_225' title='bbox 815 2831 1006 2876; x_wconf 87' lang='lat' dir='ltr'>Vossius</span> <span class='ocrx_word' id='word_1_226' title='bbox 1044 2829 1195 2874; x_wconf 79' lang='lat' dir='ltr'>labore</span> <span class='ocrx_word' id='word_1_227' title='bbox 1233 2829 1342 2874; x_wconf 83' lang='lat' dir='ltr'>libri</span> <span class='ocrx_word' id='word_1_228' title='bbox 1462 2828 1669 2887; x_wconf 80' lang='lat' dir='ltr'>ingresso</span> <span class='ocrx_word' id='word_1_229' title='bbox 1711 2826 1902 2871; x_wconf 82' lang='lat' dir='ltr'>Vossius</span> <span class='ocrx_word' id='word_1_230' title='bbox 2012 2827 2108 2869; x_wconf 79' lang='lat' dir='ltr'>uiae</span> 
     </span>
     <span class='ocr_line' id='line_1_28' title="bbox 213 2895 2104 2961; baseline -0.004 -13"><span class='ocrx_word' id='word_1_231' title='bbox 213 2904 406 2948; x_wconf 77' lang='lat' dir='ltr'>Vossius</span> <span class='ocrx_word' id='word_1_232' title='bbox 441 2904 513 2946; x_wconf 80' lang='lat' dir='ltr'>uia</span> <span class='ocrx_word' id='word_1_233' title='bbox 537 2903 650 2947; x_wconf 85' lang='lat' dir='ltr'>libri</span> <span class='ocrx_word' id='word_1_234' title='bbox 791 2900 892 2946; x_wconf 77' lang='lat'>458</span> <span class='ocrx_word' id='word_1_235' title='bbox 934 2901 1008 2961; x_wconf 85' lang='lat' dir='ltr'>qui</span> <span class='ocrx_word' id='word_1_236' title='bbox 1049 2901 1106 2945; x_wconf 88' lang='lat' dir='ltr'>rit</span> <span class='ocrx_word' id='word_1_237' title='bbox 1133 2901 1262 2945; x_wconf 74' lang='lat' dir='ltr'>Leia.</span> <span class='ocrx_word' id='word_1_238' title='bbox 1304 2902 1404 2959; x_wconf 86' lang='lat' dir='ltr'>quis</span> <span class='ocrx_word' id='word_1_239' title='bbox 1443 2899 1527 2943; x_wconf 82' lang='lat' dir='ltr'>erit</span> <span class='ocrx_word' id='word_1_240' title='bbox 1566 2898 1717 2942; x_wconf 79' lang='lat' dir='ltr'>ceteri</span> <span class='ocrx_word' id='word_1_241' title='bbox 1752 2897 1862 2941; x_wconf 85' lang='lat' dir='ltr'>libri</span> <span class='ocrx_word' id='word_1_242' title='bbox 2003 2895 2104 2941; x_wconf 81' lang='lat'>459</span> 
     </span>
     <span class='ocr_line' id='line_1_29' title="bbox 200 2967 2108 3024; baseline -0.003 -7"><span class='ocrx_word' id='word_1_243' title='bbox 200 2973 373 3018; x_wconf 80' lang='lat' dir='ltr'>differet</span> <span class='ocrx_word' id='word_1_244' title='bbox 400 2970 572 3018; x_wconf 83' lang='lat' dir='ltr'>Iunius</span> <span class='ocrx_word' id='word_1_245' title='bbox 611 2971 811 3016; x_wconf 78' lang='lat' dir='ltr'>differret</span> <span class='ocrx_word' id='word_1_246' title='bbox 833 2972 945 3017; x_wconf 91' lang='lat' dir='ltr'>libri</span> <span class='ocrx_word' id='word_1_247' title='bbox 1061 2970 1165 3018; x_wconf 83' lang='lat'>460</span> <span class='ocrx_word' id='word_1_248' title='bbox 1190 2971 1308 3016; x_wconf 88' lang='lat' dir='ltr'>istuc</span> <span class='ocrx_word' id='word_1_249' title='bbox 1347 2969 1473 3014; x_wconf 82' lang='lat' dir='ltr'>uirile</span> <span class='ocrx_word' id='word_1_250' title='bbox 1516 2969 1728 3024; x_wconf 81' lang='lat' dir='ltr'>Vossius,</span> <span class='ocrx_word' id='word_1_251' title='bbox 1768 2967 2108 3011; x_wconf 80' lang='lat' dir='ltr'>Lachmannus</span> 
     </span>
     <span class='ocr_line' id='line_1_30' title="bbox 201 3036 2107 3090; baseline -0.004 -2"><span class='ocrx_word' id='word_1_252' title='bbox 201 3047 248 3089; x_wconf 83' lang='lat' dir='ltr'>in</span> <span class='ocrx_word' id='word_1_253' title='bbox 287 3044 431 3089; x_wconf 86' lang='lat' dir='ltr'>Lucr.</span> <span class='ocrx_word' id='word_1_254' title='bbox 472 3044 556 3089; x_wconf 93' lang='grc' dir='ltr'>ΙΙΙ</span> <span class='ocrx_word' id='word_1_255' title='bbox 590 3042 694 3090; x_wconf 89' lang='grc'>400</span> <span class='ocrx_word' id='word_1_256' title='bbox 732 3042 862 3087; x_wconf 81' lang='lat' dir='ltr'>uirile</span> <span class='ocrx_word' id='word_1_257' title='bbox 903 3043 1020 3086; x_wconf 82' lang='lat' dir='ltr'>istuc</span> <span class='ocrx_word' id='word_1_258' title='bbox 1057 3043 1169 3087; x_wconf 84' lang='lat' dir='ltr'>libri</span> <span class='ocrx_word' id='word_1_259' title='bbox 1288 3040 1621 3086; x_wconf 74' lang='lat' dir='ltr'>Buechelerus</span> <span class='ocrx_word' id='word_1_260' title='bbox 1665 3039 1787 3083; x_wconf 69' lang='lat' dir='ltr'>llaec</span> <span class='ocrx_word' id='word_1_261' title='bbox 1837 3037 1932 3081; x_wconf 63' lang='lat' dir='ltr'>erint</span> <span class='ocrx_word' id='word_1_262' title='bbox 1980 3036 2107 3081; x_wconf 79' lang='lat' dir='ltr'>uirile</span> 
     </span>
     <span class='ocr_line' id='line_1_31' title="bbox 201 3108 2106 3171; baseline -0.004 -13"><span class='ocrx_word' id='word_1_263' title='bbox 201 3114 339 3168; x_wconf 75' lang='lat' dir='ltr'>istuc,</span> <span class='ocrx_word' id='word_1_264' title='bbox 379 3114 614 3159; x_wconf 63' lang='lat' dir='ltr'>atluorsam</span> <span class='ocrx_word' id='word_1_265' title='bbox 644 3113 770 3158; x_wconf 80' lang='lat' dir='ltr'>&#39;serre</span> <span class='ocrx_word' id='word_1_266' title='bbox 808 3112 836 3158; x_wconf 86' lang='lat' dir='ltr'>s.</span> <span class='ocrx_word' id='word_1_267' title='bbox 879 3113 908 3158; x_wconf 88' lang='lat' dir='ltr'>s.</span> <span class='ocrx_word' id='word_1_268' title='bbox 943 3112 1172 3171; x_wconf 81' lang='lat' dir='ltr'>praefert</span> <span class='ocrx_word' id='word_1_269' title='bbox 1303 3110 1403 3156; x_wconf 79' lang='lat'>461</span> <span class='ocrx_word' id='word_1_270' title='bbox 1443 3124 1512 3170; x_wconf 81' lang='lat' dir='ltr'>sq.</span> <span class='ocrx_word' id='word_1_271' title='bbox 1555 3109 1680 3169; x_wconf 80' lang='lat' dir='ltr'>frigit</span> <span class='ocrx_word' id='word_1_272' title='bbox 1716 3109 1845 3164; x_wconf 88' lang='lat' dir='ltr'>libri,</span> <span class='ocrx_word' id='word_1_273' title='bbox 1899 3108 2027 3167; x_wconf 80' lang='lat' dir='ltr'>quod</span> <span class='ocrx_word' id='word_1_274' title='bbox 2061 3110 2106 3151; x_wconf 83' lang='lat' dir='ltr'>in</span> 
     </span>
     <span class='ocr_line' id='line_1_32' title="bbox 202 3179 2030 3245; baseline -0.003 -17"><span class='ocrx_word' id='word_1_275' title='bbox 202 3186 336 3244; x_wconf 79' lang='lat' dir='ltr'>erigit</span> <span class='ocrx_word' id='word_1_276' title='bbox 374 3191 560 3230; x_wconf 63' lang='lat' dir='ltr'>„tutare</span> <span class='ocrx_word' id='word_1_277' title='bbox 588 3180 673 3245; x_wconf 79' lang='lat' dir='ltr'>(cf.</span> <span class='ocrx_word' id='word_1_278' title='bbox 701 3181 825 3245; x_wconf 85' lang='lat'>443)</span> <span class='ocrx_word' id='word_1_279' title='bbox 854 3198 947 3229; x_wconf 82' lang='lat' dir='ltr'>uon</span> <span class='ocrx_word' id='word_1_280' title='bbox 987 3186 1138 3228; x_wconf 83' lang='lat' dir='ltr'>ausim</span> <span class='ocrx_word' id='word_1_281' title='bbox 1248 3181 1349 3227; x_wconf 81' lang='lat'>462</span> <span class='ocrx_word' id='word_1_282' title='bbox 1377 3180 1597 3240; x_wconf 83' lang='lat' dir='ltr'>fricatque</span> <span class='ocrx_word' id='word_1_283' title='bbox 1635 3193 1799 3238; x_wconf 83' lang='lat' dir='ltr'>eorpus</span> <span class='ocrx_word' id='word_1_284' title='bbox 1842 3179 2030 3223; x_wconf 81' lang='lat' dir='ltr'>Vossius</span> 
     </span>
     <span class='ocr_line' id='line_1_33' title="bbox 203 3250 2108 3314; baseline -0.005 -15"><span class='ocrx_word' id='word_1_285' title='bbox 203 3255 325 3299; x_wconf 81' lang='lat' dir='ltr'>acula</span> <span class='ocrx_word' id='word_1_286' title='bbox 351 3258 528 3314; x_wconf 80' lang='lat' dir='ltr'>scripsi</span> <span class='ocrx_word' id='word_1_287' title='bbox 551 3268 707 3300; x_wconf 81' lang='lat' dir='ltr'>acuum</span> <span class='ocrx_word' id='word_1_288' title='bbox 745 3255 858 3299; x_wconf 85' lang='lat' dir='ltr'>libri</span> <span class='ocrx_word' id='word_1_289' title='bbox 892 3260 1090 3299; x_wconf 78' lang='lat' dir='ltr'>actutum</span> <span class='ocrx_word' id='word_1_290' title='bbox 1120 3254 1289 3298; x_wconf 81' lang='lat' dir='ltr'>Iunius</span> <span class='ocrx_word' id='word_1_291' title='bbox 1315 3255 1364 3296; x_wconf 83' lang='lat' dir='ltr'>in</span> <span class='ocrx_word' id='word_1_292' title='bbox 1390 3266 1478 3310; x_wconf 70' lang='lat' dir='ltr'>my.</span> <span class='ocrx_word' id='word_1_293' title='bbox 1519 3257 1663 3295; x_wconf 83' lang='lat' dir='ltr'>atrum</span> <span class='ocrx_word' id='word_1_294' title='bbox 1705 3250 1895 3295; x_wconf 89' lang='lat' dir='ltr'>Vossius</span> <span class='ocrx_word' id='word_1_295' title='bbox 1931 3254 2108 3292; x_wconf 84' lang='lat' dir='ltr'>acutum</span> 
     </span>
     <span class='ocr_line' id='line_1_34' title="bbox 205 3319 2107 3379; baseline -0.004 -9"><span class='ocrx_word' id='word_1_296' title='bbox 205 3327 313 3370; x_wconf 86' lang='lat' dir='ltr'>olim</span> <span class='ocrx_word' id='word_1_297' title='bbox 340 3328 522 3371; x_wconf 82' lang='lat' dir='ltr'>conieci</span> <span class='ocrx_word' id='word_1_298' title='bbox 627 3324 802 3370; x_wconf 75' lang='lat' dir='ltr'>occulte</span> <span class='ocrx_word' id='word_1_299' title='bbox 829 3323 1036 3369; x_wconf 84' lang='lat' dir='ltr'>abstruso</span> <span class='ocrx_word' id='word_1_300' title='bbox 1062 3325 1176 3369; x_wconf 82' lang='lat' dir='ltr'>libri</span> <span class='ocrx_word' id='word_1_301' title='bbox 1211 3322 1438 3379; x_wconf 79' lang='lat' dir='ltr'>abstruso,</span> <span class='ocrx_word' id='word_1_302' title='bbox 1477 3322 1628 3366; x_wconf 80' lang='lat' dir='ltr'>deleto</span> <span class='ocrx_word' id='word_1_303' title='bbox 1657 3319 1846 3376; x_wconf 84' lang='lat' dir='ltr'>occulte,</span> <span class='ocrx_word' id='word_1_304' title='bbox 1890 3319 2107 3363; x_wconf 81' lang='lat' dir='ltr'>Botlzius.</span> 
     </span>
     <span class='ocr_line' id='line_1_35' title="bbox 310 3387 2108 3455; baseline -0.006 -15"><span class='ocrx_word' id='word_1_305' title='bbox 310 3397 423 3441; x_wconf 86' lang='lat' dir='ltr'>Fuit</span> <span class='ocrx_word' id='word_1_306' title='bbox 461 3411 567 3442; x_wconf 86' lang='lat' dir='ltr'>cum</span> <span class='ocrx_word' id='word_1_307' title='bbox 591 3397 714 3441; x_wconf 77' lang='lat' dir='ltr'>liaec</span> <span class='ocrx_word' id='word_1_308' title='bbox 752 3394 888 3455; x_wconf 77' lang='lat' dir='ltr'>erigit</span> <span class='ocrx_word' id='word_1_309' title='bbox 914 3395 1144 3440; x_wconf 68' lang='lat' dir='ltr'>sriczintcm</span> <span class='ocrx_word' id='word_1_310' title='bbox 1173 3407 1336 3453; x_wconf 86' lang='lat' dir='ltr'>corpus</span> <span class='ocrx_word' id='word_1_311' title='bbox 1363 3393 1516 3437; x_wconf 59' lang='lat' dir='ltr'>saxum</span> <span class='ocrx_word' id='word_1_312' title='bbox 1550 3390 1804 3435; x_wconf 79' lang='lat' dir='ltr'>abstrusum</span> <span class='ocrx_word' id='word_1_313' title='bbox 1844 3391 1887 3432; x_wconf 86' lang='lat' dir='ltr'>in</span> <span class='ocrx_word' id='word_1_314' title='bbox 1928 3387 2108 3431; x_wconf 76' lang='lat' dir='ltr'>flumine</span> 
     </span>
     <span class='ocr_line' id='line_1_36' title="bbox 205 3462 2110 3512; baseline -0.004 -3"><span class='ocrx_word' id='word_1_315' title='bbox 205 3467 418 3511; x_wconf 83' lang='lat' dir='ltr'>luderem</span> <span class='ocrx_word' id='word_1_316' title='bbox 526 3466 627 3512; x_wconf 85' lang='lat'>463</span> <span class='ocrx_word' id='word_1_317' title='bbox 668 3479 720 3510; x_wconf 83' lang='lat' dir='ltr'>ex</span> <span class='ocrx_word' id='word_1_318' title='bbox 759 3480 846 3510; x_wconf 89' lang='lat' dir='ltr'>om.</span> <span class='ocrx_word' id='word_1_319' title='bbox 873 3466 1152 3511; x_wconf 81' lang='lat' dir='ltr'>Macrobius</span> <span class='ocrx_word' id='word_1_320' title='bbox 1260 3469 1408 3508; x_wconf 87' lang='lat' dir='ltr'>ortum</span> <span class='ocrx_word' id='word_1_321' title='bbox 1447 3462 1726 3506; x_wconf 82' lang='lat' dir='ltr'>Macrobius</span> <span class='ocrx_word' id='word_1_322' title='bbox 1774 3466 1915 3503; x_wconf 80' lang='lat' dir='ltr'>ortam</span> <span class='ocrx_word' id='word_1_323' title='bbox 1937 3471 2110 3503; x_wconf 53' lang='grc' dir='ltr'>*μμ*</span> 
     </span>
     <span class='ocr_line' id='line_1_37' title="bbox 207 3527 2107 3591; baseline -0.005 -11"><span class='ocrx_word' id='word_1_324' title='bbox 207 3550 234 3580; x_wconf 81' lang='lat'><em>*</em></span> <span class='ocrx_word' id='word_1_325' title='bbox 259 3534 396 3580; x_wconf 79' lang='lat' dir='ltr'>fuisse</span> <span class='ocrx_word' id='word_1_326' title='bbox 422 3537 567 3581; x_wconf 86' lang='lat' dir='ltr'>Halb.</span> <span class='ocrx_word' id='word_1_327' title='bbox 596 3537 840 3582; x_wconf 80' lang='lat' dir='ltr'>Prisciani</span> <span class='ocrx_word' id='word_1_328' title='bbox 946 3535 1085 3580; x_wconf 83' lang='lat' dir='ltr'>fuisse</span> <span class='ocrx_word' id='word_1_329' title='bbox 1124 3549 1210 3579; x_wconf 88' lang='lat' dir='ltr'>om.</span> <span class='ocrx_word' id='word_1_330' title='bbox 1250 3534 1367 3578; x_wconf 89' lang='lat' dir='ltr'>Par.</span> <span class='ocrx_word' id='word_1_331' title='bbox 1396 3533 1534 3591; x_wconf 69' lang='lat' dir='ltr'>Anyl.</span> <span class='ocrx_word' id='word_1_332' title='bbox 1573 3530 1744 3575; x_wconf 88' lang='lat' dir='ltr'>Salisb.</span> <span class='ocrx_word' id='word_1_333' title='bbox 1774 3528 1897 3573; x_wconf 79' lang='lat' dir='ltr'>Mea.</span> <span class='ocrx_word' id='word_1_334' title='bbox 1937 3543 1966 3572; x_wconf 88' lang='lat' dir='ltr'>a</span> <span class='ocrx_word' id='word_1_335' title='bbox 2002 3527 2107 3571; x_wconf 90' lang='lat' dir='ltr'>Ma-</span> 
     </span>
     <span class='ocr_line' id='line_1_38' title="bbox 209 3599 2113 3659; baseline -0.003 -12"><span class='ocrx_word' id='word_1_336' title='bbox 209 3606 359 3649; x_wconf 82' lang='lat' dir='ltr'>crobii</span> <span class='ocrx_word' id='word_1_337' title='bbox 457 3620 510 3651; x_wconf 79' lang='lat' dir='ltr'>an</span> <span class='ocrx_word' id='word_1_338' title='bbox 549 3607 742 3651; x_wconf 78' lang='lat' dir='ltr'>humano</span> <span class='ocrx_word' id='word_1_339' title='bbox 771 3606 907 3649; x_wconf 82' lang='lat' dir='ltr'>seram</span> <span class='ocrx_word' id='word_1_340' title='bbox 947 3608 1144 3651; x_wconf 79' lang='lat' dir='ltr'>conieci.</span> <span class='ocrx_word' id='word_1_341' title='bbox 1184 3619 1237 3648; x_wconf 80' lang='lat' dir='ltr'>an</span> <span class='ocrx_word' id='word_1_342' title='bbox 1279 3605 1498 3659; x_wconf 82' lang='lat' dir='ltr'>humano,</span> <span class='ocrx_word' id='word_1_343' title='bbox 1538 3616 1624 3646; x_wconf 89' lang='lat' dir='ltr'>om.</span> <span class='ocrx_word' id='word_1_344' title='bbox 1664 3599 1828 3656; x_wconf 77' lang='lat' dir='ltr'>serani,</span> <span class='ocrx_word' id='word_1_345' title='bbox 1867 3599 2113 3642; x_wconf 80' lang='lat' dir='ltr'>Prisciani</span> 
     </span>
     <span class='ocr_line' id='line_1_39' title="bbox 214 3669 2108 3734; baseline -0.005 -14"><span class='ocrx_word' id='word_1_346' title='bbox 214 3676 328 3734; x_wconf 66' lang='lat' dir='ltr'>Rey.</span> <span class='ocrx_word' id='word_1_347' title='bbox 355 3690 412 3720; x_wconf 85' lang='lat' dir='ltr'>m.</span> <span class='ocrx_word' id='word_1_348' title='bbox 447 3676 487 3733; x_wconf 88' lang='lat'>1,</span> <span class='ocrx_word' id='word_1_349' title='bbox 518 3676 794 3723; x_wconf 84' lang='lat' dir='ltr'>Macrobius</span> <span class='ocrx_word' id='word_1_350' title='bbox 832 3690 925 3720; x_wconf 78' lang='lat' dir='ltr'>eam</span> <span class='ocrx_word' id='word_1_351' title='bbox 964 3690 1017 3720; x_wconf 78' lang='lat' dir='ltr'>an</span> <span class='ocrx_word' id='word_1_352' title='bbox 1051 3676 1242 3719; x_wconf 73' lang='lat' dir='ltr'>humano</span> <span class='ocrx_word' id='word_1_353' title='bbox 1272 3674 1407 3719; x_wconf 84' lang='lat' dir='ltr'>Grul.</span> <span class='ocrx_word' id='word_1_354' title='bbox 1436 3671 1681 3716; x_wconf 83' lang='lat' dir='ltr'>Prisciani</span> <span class='ocrx_word' id='word_1_355' title='bbox 1715 3683 1768 3712; x_wconf 80' lang='lat' dir='ltr'>an</span> <span class='ocrx_word' id='word_1_356' title='bbox 1797 3669 1988 3712; x_wconf 81' lang='lat' dir='ltr'>humano</span> <span class='ocrx_word' id='word_1_357' title='bbox 2015 3682 2108 3712; x_wconf 82' lang='lat' dir='ltr'>eam</span> 
     </span>
    </p>
   </div>
   <div class='ocr_carea' id='block_1_15' title="bbox 1671 3764 1754 3806">
    <p class='ocr_par' dir='ltr' id='par_1_15' title="bbox 1671 3764 1754 3806">
     <span class='ocr_line' id='line_1_40' title="bbox 1671 3764 1754 3806; baseline -0.012 0"><span class='ocrx_word' id='word_1_358' title='bbox 1671 3764 1754 3806; x_wconf 60' lang='lat' dir='ltr'>13ss</span> 
     </span>
    </p>
   </div>
  </div>
 </body>
</html>
