2294 3844
991 302 1041 341 L.
1071 300 1290 340 ATTIVs
1989 298 2090 348 2OE

333 432 463 484 Tela
503 434 817 483 exercentur
856 431 988 482 haec
1029 432 1237 483 abiecta
1277 430 1463 500 gloria.

1038 527 1116 578 XI
1157 525 1241 597 (8)

900 620 1085 693 [iaceo]
1130 624 1185 675 in
1225 626 1367 675 tecto
1409 623 1612 689 umido,

186 723 293 773 550
334 722 486 783 Quod
529 722 728 772 eiulatu
772 721 962 788 questu
1003 720 1205 787 gemitu
1246 720 1548 770 fremitibus

340 818 658 870 Resoluindo
699 820 908 867 mutum
948 815 1139 867 flebilis
1180 817 1338 867 uoces
1379 816 1555 866 refert.

1007 911 1114 963 XII
1156 910 1276 982 (21)

336 1011 380 1062 Ε
425 1009 669 1078 ul'perino
712 1010 890 1060 morsu
932 1027 1099 1059 uenae
1140 1007 1408 1060 uiscerum

333 1107 557 1158 Veneno
599 1107 817 1157 inbutae
858 1107 1059 1157 taetros
1101 1105 1366 1156 cruciatus
1408 1107 1562 1157 cient.

1011 1201 1146 1254 XIII
1189 1200 1270 1272 (2)

337 1301 464 1361 Quis
504 1303 563 1351 tu
605 1302 658 1351 es
700 1299 961 1366 mortalis,
1010 1299 1099 1367 qui
1140 1297 1197 1349 in
1239 1299 1446 1351 deserta
1494 1303 1547 1350 et
1585 1300 1773 1367 tesqua
1813 1302 1864 1350 te
1906 1299 2094 1366 adpor-

1516 1397 1597 1447 tes
1636 1395 1790 1448 loca‘?

189 1529 250 1569 IX
273 1531 353 1569 622
388 1533 647 1582 ‘nemoque
682 1529 1011 1580 eq11in03qui·t
1043 1529 1089 1568 in
1113 1530 1309 1569 arcubus
1341 1531 1470 1568 nerui
1503 1530 1658 1581 equini
1689 1529 1840 1570 solent
1864 1541 1978 1569 esse.
2011 1529 2097 1568 Ac-

191 1587 286 1626 cius
318 1586 597 1627 Philoctete:
632 1586 867 1626 tendens
898 1618 906 1626 .
956 1585 1123 1627 ,tela.
1133 1589 1144 1608 ’
1281 1587 1317 1626 X
1354 1586 1515 1626 Cicero
1549 1586 1606 1625 ·1(l
1640 1586 1781 1626 famil.
1815 1586 1900 1626 VIl
1934 1589 1986 1626 33
2020 1589 2096 1624 ‘ut

189 1643 352 1693 etiam,
396 1643 434 1681 si
469 1643 650 1695 quando
684 1642 859 1695 aliquid
900 1642 1086 1694 dignum
1119 1648 1275 1683 nostro
1315 1644 1496 1682 nomine
1537 1643 1790 1692 emisimus,
1827 1643 2097 1695 ingemisca-

190 1711 310 1744 mus,
352 1700 469 1751 quod
510 1700 646 1739 haec
687 1700 987 1752 pinnigero
1030 1712 1073 1739 n.
1117 1713 1157 1738 a.
1201 1700 1253 1738 in
1296 1713 1334 1739 c.
1367 1699 1482 1740 tela
1516 1704 1909 1746 exerceantur,
1950 1704 2001 1739 ut
2033 1700 2097 1738 ait

186 1755 473 1796 Philoctetes
512 1756 633 1808 apud
672 1756 884 1805 Accium,
925 1756 1152 1796 abiecta
1192 1756 1410 1809 gloria)
1536 1756 1601 1796 XI
1633 1756 1719 1795 XII
1758 1756 1920 1797 Cicero
1959 1756 2094 1795 Tusc.

187 1812 301 1864 d1sp.
333 1814 377 1853 11
411 1815 486 1858 14,
520 1812 573 1854 33
613 1816 746 1852 ‘num
785 1812 986 1852 humana
1027 1818 1390 1854 contemnentem
1430 1816 1584 1865 potest
1616 1813 1794 1853 dicere’
1830 1811 1953 1865 [‘aut
1983 1813 2093 1851 Pro-

186 1869 432 1908 metheum’
474 1869 574 1909 add.
617 1867 916 1922 Lallemaml]
965 1873 1077 1908 ‘aut
1116 1869 1424 1910 Philoctetam
1467 1869 1624 1909 illum?
1668 1884 1694 1909 a
1732 1874 1777 1910 te
1819 1870 1937 1909 enim
1973 1869 2092 1908 malo

186 1925 440 1975 discedere3
484 1925 561 1966 sed
601 1927 683 1966 ille
727 1931 852 1966 certe
886 1939 975 1966 non
1008 1926 1163 1977 fortis,
1206 1926 1282 1978 qui
1319 1927 1441 1966 iacet
1481 1929 1532 1965 in
1572 1931 1725 1966 tecto
1762 1959 1770 1966 .
1798 1958 1841 1966 ..
1882 1926 2093 1965 refert.'

188 1982 310 2022 Idem
345 1982 400 2022 de
433 1982 505 2026 fin,
537 1983 584 2022 II
617 1985 691 2034 29,
726 1985 780 2022 94
819 1983 1130 2035 ‘quamobrem
1162 1989 1293 2035 turpe
1328 1983 1577 2036 putandum
1614 1989 1705 2034 est,
1745 1997 1833 2022 non
1874 1982 1975 2022 (lico
2017 1982 2094 2021 do·

190 2037 281 2078 lere
312 2068 322 2078 .
342 2069 350 2077 .
370 2069 378 2077 .
419 2039 498 2078 sed
531 2052 687 2079 saxum
720 2039 832 2079 illud
857 2040 1092 2078 Lemnium
1125 2038 1320 2079 clamore
1348 2040 1634 2079 Philocteteo
1668 2040 1918 2084 funestare,
1953 2039 2093 2090 quod

188 2095 398 2135 eiulatu
428 2126 437 2135 .
465 2127 474 2135 .
501 2127 511 2135 .
541 2096 730 2139 refert.
781 2096 884 2135 huic
906 2096 1132 2148 Epicurus
1164 2100 1520 2148 praecentet,
1555 2097 1592 2136 si
1625 2100 1799 2149 potest,
1834 2109 1933 2135 cum
1958 2093 2093 2148 [XII].

187 2151 251 2190 sic
286 2152 533 2203 Epicurus:
567 2152 853 2191 Philocteta!
894 2153 932 2191 si
964 2153 1120 2203 grauis
1153 2153 1299 2202 dolor,
1334 2154 1500 2193 breuis.
1551 2158 1598 2192 at
1637 2154 1724 2192 iam
1758 2153 1980 2193 decimum
2016 2165 2094 2191 un-

190 2221 292 2246 num
326 2209 372 2247 in
405 2208 627 2260 spelunca
658 2209 815 2248 iacet)
856 2207 1030 2248 Nonius
1061 2211 1164 2252 324,
1198 2211 1252 2248 26
1286 2210 1557 2248 ‘imbuere
1591 2214 1661 2249 est
1693 2208 1895 2250 inficere.
1929 2209 2092 2248 Accius

187 2264 420 2303 Filocteta
464 2262 626 2316 [X11].⁷
686 2265 847 2304 Cicero
878 2265 1013 2307 Tusc.
1048 2265 1163 2317 disp.
1194 2266 1238 2306 11
1270 2268 1310 2317 7,
1345 2268 1395 2305 19
1435 2266 1615 2317 ‘aspice
1648 2266 1980 2313 Philoctetam,
2023 2266 2094 2304 cui

190 2320 529 2360 concedendum
563 2325 633 2360 est
656 2322 876 2373 gementi3
911 2321 1057 2374 ipsum
1093 2323 1211 2360 enim
1232 2321 1479 2361 Herculem
1502 2321 1683 2361 uiderat
1705 2323 1751 2361 in
1776 2322 1894 2361 Oeta
1917 2322 2091 2373 magni-

188 2377 344 2417 tudine
385 2377 583 2417 dolorum
625 2378 888 2419 eiulantem.
952 2379 1065 2417 nihil
1105 2379 1244 2430 igitur
1282 2378 1401 2418 hunc
1433 2379 1577 2417 uirum
1618 2380 1839 2430 sagittae,
1879 2391 1994 2428 quas
2034 2378 2091 2416 ab

186 2433 389 2474 Hercule
422 2439 687 2485 acceperat,
722 2440 813 2474 tum
845 2434 1154 2486 consolantur,
1189 2448 1287 2474 cum
1317 2433 1464 2487 [XII].
1515 2437 1669 2487 itaque
1703 2435 1930 2474 exclamat
1964 2436 2089 2473 nuxi—

187 2490 295 2530 lium
329 2497 574 2542 expetens,
607 2493 719 2531 mori
753 2492 943 2543 cupiens
976 2488 1144 2544 [Xlx'j.
1207 2491 1457 2532 Continuat
1487 2493 1776 2531 Ilermannus
1813 2504 1972 2530 uersus
2011 2492 2092 2530 549

191 2549 335 2587 —553
433 2549 545 2588 XIII
577 2548 721 2588 Varro
755 2548 808 2587 de
842 2548 869 2588 l.
903 2549 956 2588 L.
984 2549 1066 2589 VII
1090 2552 1137 2588 11
1173 2547 1296 2599 (uide
1326 2546 1391 2600 II)
1425 2550 1591 2588 Festus
1623 2562 1665 2601 p.
1687 2550 1767 2589 356
1790 2548 1848 2586 Μ.
1882 2544 2092 2600 ‘[tesca

188 2682 316 2727 Com‘.
354 2698 402 2740 p.
443 2682 506 2728 78
570 2683 682 2728 Vide
721 2698 783 2727 cm
821 2684 944 2727 haec
983 2683 1220 2742 pinnigero
1262 2683 1393 2739 haec,
1445 2696 1533 2726 non
1574 2697 1610 2726 a.
1660 2683 1704 2726 in
1744 2697 1783 2728 c.
1824 2682 1928 2726 Tela
1967 2696 2090 2726 exer-

185 2760 344 2797 centur
383 2759 536 2798 uetere
576 2753 744 2798 abiecta
784 2753 926 2813 gloria
962 2760 1213 2811 praestent
1359 2752 1458 2799 548
1499 2752 1838 2812 abiectaagloria
1868 2753 1990 2797 Med.

188 2822 286 2869 549
326 2824 447 2869 iaceo
483 2823 797 2869 Hermanmes
928 2830 1046 2868 tecto
1085 2823 1376 2870 Bouhier-ius
1414 2824 1531 2869 lecto
1569 2824 1706 2882 libri,
1748 2824 1996 2868 Bentleizcs

187 2893 288 2939 550
327 2895 402 2954 qui
442 2900 541 2939 tres
582 2894 734 2940 Oscon.
775 2898 822 2940 in
868 2895 1009 2939 Tusc.
1147 2894 1350 2939 heiulatu
1387 2895 1544 2940 palat.
1575 2895 1614 2938 A
1651 2896 1709 2939 (le
1745 2896 1828 2952 fin.
1976 2892 2090 2937 fleti-

185 2963 267 3008 bus
304 2965 619 3011 Hermannus
658 2969 802 3010 tacite
983 2964 1080 3010 551
1123 2972 1295 3010 mutum
1329 2966 1444 3011 libri
1480 2980 1571 3011 non
1610 2967 1759 3010 solum
1798 2966 1909 3009 boni
1947 2962 2087 3023 (mutu

193 3034 333 3094 Erl.),
385 3037 472 3081 sed
517 3039 656 3080 eliam
701 3038 964 3081 deteriores
1008 3035 1120 3094 fere
1167 3049 1327 3081 omnes
1372 3037 1429 3081 cle
1474 3038 1581 3094 fiii,
1633 3034 1810 3080 ‘03:072.
1853 3037 1993 3094 aliq.,
2049 3037 2093 3079 si

183 3107 303 3163 fides
351 3107 689 3151 collctloribz'ts'
735 3105 858 3164 (Or.)
903 3108 951 3150 in
1002 3106 1173 3164 Tusa,
1223 3106 1442 3166 Scaliyer
1479 3106 1670 3150 multum
1716 3107 1827 3151 libri
1866 3108 2090 3164 plerique

185 3178 234 3220 in
277 3177 414 3222 Tusc.
562 3176 662 3222 552
703 3191 725 3221 e
765 3177 969 3236 uiperino
1011 3176 1176 3222 Cicero
1213 3180 1260 3222 in
1304 3177 1442 3223 Tusc.
1485 3174 1618 3236 (cum)
1660 3190 1712 3221 ex
1751 3177 1954 3235 uiperino
1997 3176 2087 3219 No-

186 3248 294 3292 nius
332 3246 392 3307 (u.
432 3247 600 3306 supra)
640 3248 869 3307 uiperin0,
909 3262 995 3292 om.
1033 3261 1077 3303 e,
1121 3247 1287 3292 Cicero
1312 3249 1371 3293 de
1395 3250 1478 3306 fin.
1518 3260 1616 3292 cum
1656 3261 1679 3291 c
1717 3248 1918 3306 uipcrino
1937 3259 2088 3304 prae-

187 3321 260 3360 ter
298 3323 484 3362 ceteros
509 3319 821 3363 Her-mannus
929 3331 1069 3362 uenae
1110 3319 1330 3363 uiscerum
1370 3331 1546 3362 ueneno
1586 3332 1672 3363 om.
1716 3318 1858 3363 Nonii
1887 3317 2031 3360 Rern.
2061 3317 2086 3359 b

186 3385 299 3431 bene
336 3402 382 3433 u.
421 3401 467 3433 u.
507 3391 658 3433 ceteri
693 3390 879 3434 codices
917 3388 1061 3434 Nonii
1167 3387 1268 3434 553
1306 3387 1458 3432 inbuta
1498 3389 1642 3433 Nonii
1678 3388 1827 3432 Rern.
1857 3388 1882 3431 b
1920 3385 2086 3430 imbuta

189 3461 339 3502 ceteri
377 3459 519 3504 Nonii
552 3459 666 3504 libri
777 3459 924 3515 tetris,
963 3460 1132 3504 litteris
1170 3465 1214 3503 et
1251 3461 1298 3503 in
1338 3472 1436 3504 ras.
1473 3461 1654 3516 positis,
1698 3458 1817 3503 Gucl.
1854 3459 1902 3501 in
1946 3455 2084 3500 Tusc.

188 3532 256 3570 est
293 3535 337 3571 et
375 3542 453 3573 ero
495 3529 644 3574 Basil.
687 3529 827 3574 Nonii
862 3536 932 3573 est
969 3535 1094 3573 etero
1135 3531 1285 3573 ceteri
1318 3531 1430 3574 libri
1466 3529 1609 3573 Nonii
1646 3532 1850 3583 excepto
1884 3527 2030 3570 Bern.
2059 3527 2085 3570 b

190 3592 289 3655 (qui
324 3604 491 3643 taetros
527 3599 688 3655 habet)
797 3600 916 3644 ciens
956 3601 1106 3644 Bern.
1133 3599 1159 3643 b
1198 3599 1342 3644 Nonii
1376 3600 1520 3643 sciens
1560 3605 1720 3642 cetera
1751 3597 1893 3641 Nonii
1927 3609 2085 3641 exem-

185 3668 347 3724 plaria
493 3668 592 3713 554
633 3676 788 3728 tesqua
829 3670 962 3714 Festi
999 3671 1100 3715 coel.
1139 3675 1259 3714 tesca
1301 3670 1452 3714 Varro
1562 3667 1770 3727 adportes
1811 3666 2086 3712 Scriuerius
