<?xml version="1.0" encoding="UTF-8"?>
<!DOCTYPE html PUBLIC "-//W3C//DTD XHTML 1.0 Transitional//EN"
    "http://www.w3.org/TR/xhtml1/DTD/xhtml1-transitional.dtd">
<html xmlns="http://www.w3.org/1999/xhtml" xml:lang="en" lang="en">
 <head>
  <title>
</title>
<meta http-equiv="Content-Type" content="text/html;charset=utf-8" />
  <meta name='ocr-system' content='tesseract 3.04.00' />
  <meta name='ocr-capabilities' content='ocr_page ocr_carea ocr_par ocr_line ocrx_word'/>
</head>
<body>
  <div class='ocr_page' id='page_1' title='image "./scaenicaeromano01ribbuoft_0144.png"; bbox 0 0 2294 3844; ppageno 0'>
   <div class='ocr_carea' id='block_1_1' title="bbox 200 218 1303 270">
    <p class='ocr_par' dir='ltr' id='par_1_1' title="bbox 200 218 1303 270">
     <span class='ocr_line' id='line_1_1' title="bbox 200 218 1303 270; baseline 0.005 -15"><span class='ocrx_word' id='word_1_1' title='bbox 200 218 267 270; x_wconf 75' lang='lat'><strong>54</strong></span> <span class='ocrx_word' id='word_1_2' title='bbox 751 245 754 248; x_wconf 41' lang='lat'><em>&lt;</em></span> <span class='ocrx_word' id='word_1_3' title='bbox 996 220 1050 270; x_wconf 80' lang='lat' dir='ltr'><strong>Q.</strong></span> <span class='ocrx_word' id='word_1_4' title='bbox 1081 218 1303 260; x_wconf 83' lang='lat' dir='ltr'><strong>ENNIVS</strong></span> 
     </span>
    </p>
   </div>
   <div class='ocr_carea' id='block_1_2' title="bbox 202 345 2052 1039">
    <p class='ocr_par' dir='ltr' id='par_1_2' title="bbox 202 345 2052 1039">
     <span class='ocr_line' id='line_1_2' title="bbox 1075 347 1211 401; baseline 0 0"><span class='ocrx_word' id='word_1_5' title='bbox 1075 347 1126 401; x_wconf 86' lang='lat' dir='ltr'><strong>V</strong></span> <span class='ocrx_word' id='word_1_6' title='bbox 1177 348 1211 401; x_wconf 83' lang='lat'><strong><em>2</em></strong></span> 
     </span>
     <span class='ocr_line' id='line_1_3' title="bbox 202 345 1869 507; baseline 0.001 -10"><span class='ocrx_word' id='word_1_7' title='bbox 202 446 308 497; x_wconf 73' lang='lat'><strong>265</strong></span> <span class='ocrx_word' id='word_1_8' title='bbox 350 444 520 507; x_wconf 54' lang='lat' dir='ltr'><strong>Quum</strong></span> <span class='ocrx_word' id='word_1_9' title='bbox 561 444 659 496; x_wconf 79' lang='lat' dir='ltr'><strong>tibi</strong></span> <span class='ocrx_word' id='word_1_10' title='bbox 700 462 761 496; x_wconf 88' lang='lat' dir='ltr'><strong>ex</strong></span> <span class='ocrx_word' id='word_1_11' title='bbox 803 463 891 496; x_wconf 85' lang='lat' dir='ltr'><strong>ore</strong></span> <span class='ocrx_word' id='word_1_12' title='bbox 934 345 1236 497; x_wconf 37' lang='lat' dir='ltr'><strong>oration&amp;</strong></span> <span class='ocrx_word' id='word_1_13' title='bbox 1272 443 1472 496; x_wconf 73' lang='lat' dir='ltr'><strong>duriter</strong></span> <span class='ocrx_word' id='word_1_14' title='bbox 1512 442 1669 497; x_wconf 78' lang='lat' dir='ltr'><strong>dictis</strong></span> <span class='ocrx_word' id='word_1_15' title='bbox 1710 445 1869 499; x_wconf 73' lang='lat' dir='ltr'><strong>dedit.</strong></span> 
     </span>
     <span class='ocr_line' id='line_1_4' title="bbox 1049 552 1253 625; baseline 0 -19"><span class='ocrx_word' id='word_1_16' title='bbox 1049 554 1127 607; x_wconf 93' lang='lat' dir='ltr'><strong>VI</strong></span> <span class='ocrx_word' id='word_1_17' title='bbox 1169 552 1253 625; x_wconf 88' lang='lat'><strong>(4)</strong></span> 
     </span>
     <span class='ocr_line' id='line_1_5' title="bbox 351 648 1810 719; baseline 0.001 -16"><span class='ocrx_word' id='word_1_18' title='bbox 351 650 590 703; x_wconf 71' lang='lat' dir='ltr'><strong>Saeuitei·</strong></span> <span class='ocrx_word' id='word_1_19' title='bbox 631 648 988 719; x_wconf 70' lang='lat' dir='ltr'>suspicionem</span> <span class='ocrx_word' id='word_1_20' title='bbox 1028 650 1165 702; x_wconf 70' lang='lat' dir='ltr'><strong>ferre</strong></span> <span class='ocrx_word' id='word_1_21' title='bbox 1203 650 1396 703; x_wconf 78' lang='lat' dir='ltr'><strong>falsam</strong></span> <span class='ocrx_word' id='word_1_22' title='bbox 1435 651 1675 704; x_wconf 65' lang='lat' dir='ltr'><strong>fut-tilum</strong></span> <span class='ocrx_word' id='word_1_23' title='bbox 1716 655 1810 705; x_wconf 82' lang='lat' dir='ltr'><strong>est.</strong></span> 
     </span>
     <span class='ocr_line' id='line_1_6' title="bbox 1032 758 1263 831; baseline 0 -17"><span class='ocrx_word' id='word_1_24' title='bbox 1032 761 1139 814; x_wconf 87' lang='lat' dir='ltr'><strong>VH</strong></span> <span class='ocrx_word' id='word_1_25' title='bbox 1180 758 1263 831; x_wconf 85' lang='lat'><strong>(5)</strong></span> 
     </span>
     <span class='ocr_line' id='line_1_7' title="bbox 349 855 2052 926; baseline 0.002 -19"><span class='ocrx_word' id='word_1_26' title='bbox 349 855 437 907; x_wconf 75' lang='lat' dir='ltr'><strong>&#39;Vt</strong></span> <span class='ocrx_word' id='word_1_27' title='bbox 480 856 619 924; x_wconf 87' lang='lat' dir='ltr'><strong>quod</strong></span> <span class='ocrx_word' id='word_1_28' title='bbox 660 856 862 909; x_wconf 79' lang='lat' dir='ltr'><strong>factum</strong></span> <span class='ocrx_word' id='word_1_29' title='bbox 903 860 983 910; x_wconf 85' lang='lat' dir='ltr'><strong>est</strong></span> <span class='ocrx_word' id='word_1_30' title='bbox 1022 857 1221 926; x_wconf 78' lang='lat' dir='ltr'><strong>siit-tile,</strong></span> <span class='ocrx_word' id='word_1_31' title='bbox 1261 858 1425 910; x_wconf 83' lang='lat' dir='ltr'><strong>animi</strong></span> <span class='ocrx_word' id='word_1_32' title='bbox 1465 859 1562 911; x_wconf 81' lang='lat' dir='ltr'><strong>uos</strong></span> <span class='ocrx_word' id='word_1_33' title='bbox 1602 858 1786 910; x_wconf 82' lang='lat' dir='ltr'><strong>feratis</strong></span> <span class='ocrx_word' id='word_1_34' title='bbox 1825 858 2052 912; x_wconf 77' lang='lat' dir='ltr'><strong>fortiter.</strong></span> 
     </span>
     <span class='ocr_line' id='line_1_8' title="bbox 1016 966 1276 1039; baseline 0.004 -19"><span class='ocrx_word' id='word_1_35' title='bbox 1016 968 1152 1021; x_wconf 88' lang='lat' dir='ltr'><strong>VIII</strong></span> <span class='ocrx_word' id='word_1_36' title='bbox 1193 966 1276 1039; x_wconf 83' lang='lat'><strong>(3)</strong></span> 
     </span>
    </p>
   </div>
   <div class='ocr_carea' id='block_1_3' title="bbox 349 1060 1962 1134">
    <p class='ocr_par' dir='ltr' id='par_1_3' title="bbox 349 1060 1962 1134">
     <span class='ocr_line' id='line_1_9' title="bbox 349 1060 1962 1134; baseline 0.003 -21"><span class='ocrx_word' id='word_1_37' title='bbox 349 1060 445 1113; x_wconf 81' lang='lat' dir='ltr'><strong>&#39;Ibi</strong></span> <span class='ocrx_word' id='word_1_38' title='bbox 486 1066 600 1114; x_wconf 80' lang='lat' dir='ltr'><strong>tum</strong></span> <span class='ocrx_word' id='word_1_39' title='bbox 641 1063 924 1133; x_wconf 72' lang='lat' dir='ltr'><strong>derepente</strong></span> <span class='ocrx_word' id='word_1_40' title='bbox 967 1084 1028 1117; x_wconf 82' lang='lat' dir='ltr'><strong>ex</strong></span> <span class='ocrx_word' id='word_1_41' title='bbox 1069 1066 1177 1117; x_wconf 79' lang='lat' dir='ltr'><strong>alto</strong></span> <span class='ocrx_word' id='word_1_42' title='bbox 1217 1065 1274 1117; x_wconf 88' lang='lat' dir='ltr'><strong>in</strong></span> <span class='ocrx_word' id='word_1_43' title='bbox 1314 1066 1482 1118; x_wconf 55' lang='lat' dir='ltr'><strong>altum</strong></span> <span class='ocrx_word' id='word_1_44' title='bbox 1522 1062 1765 1134; x_wconf 78' lang='lat' dir='ltr'><strong>despexit</strong></span> <span class='ocrx_word' id='word_1_45' title='bbox 1803 1084 1962 1118; x_wconf 79' lang='lat' dir='ltr'><strong>mare.</strong></span> 
     </span>
    </p>
   </div>
   <div class='ocr_carea' id='block_1_4' title="bbox 347 1219 2048 1594">
    <p class='ocr_par' dir='ltr' id='par_1_4' title="bbox 347 1219 2048 1594">
     <span class='ocr_line' id='line_1_10' title="bbox 997 1219 1296 1273; baseline 0.007 -2"><span class='ocrx_word' id='word_1_46' title='bbox 997 1219 1296 1273; x_wconf 83' lang='lat' dir='ltr'><strong>TELAMO</strong></span> 
     </span>
     <span class='ocr_line' id='line_1_11' title="bbox 1063 1313 1249 1386; baseline 0.005 -19"><span class='ocrx_word' id='word_1_47' title='bbox 1063 1315 1088 1367; x_wconf 92' lang='lat' dir='ltr'><strong>I</strong></span> <span class='ocrx_word' id='word_1_48' title='bbox 1130 1313 1249 1386; x_wconf 85' lang='lat'>(10)</span> 
     </span>
     <span class='ocr_line' id='line_1_12' title="bbox 1044 1426 1263 1480; baseline 0.014 -3"><span class='ocrx_word' id='word_1_49' title='bbox 1044 1426 1263 1480; x_wconf 77' lang='lat' dir='ltr'><strong>Telamo</strong></span> 
     </span>
     <span class='ocr_line' id='line_1_13' title="bbox 347 1520 2048 1594; baseline 0.003 -22"><span class='ocrx_word' id='word_1_50' title='bbox 347 1520 482 1590; x_wconf 75' lang='lat' dir='ltr'><strong>&#39;Ego</strong></span> <span class='ocrx_word' id='word_1_51' title='bbox 525 1522 679 1574; x_wconf 86' lang='lat' dir='ltr'><strong>deum</strong></span> <span class='ocrx_word' id='word_1_52' title='bbox 721 1540 889 1591; x_wconf 77' lang='lat' dir='ltr'><strong>genus</strong></span> <span class='ocrx_word' id='word_1_53' title='bbox 930 1525 1043 1575; x_wconf 79' lang='lat' dir='ltr'><strong>esse</strong></span> <span class='ocrx_word' id='word_1_54' title='bbox 1085 1541 1290 1593; x_wconf 80' lang='lat' dir='ltr'><strong>semper</strong></span> <span class='ocrx_word' id='word_1_55' title='bbox 1331 1522 1440 1576; x_wconf 73' lang='lat' dir='ltr'><strong>dixi</strong></span> <span class='ocrx_word' id='word_1_56' title='bbox 1480 1527 1532 1577; x_wconf 88' lang='lat' dir='ltr'><strong>et</strong></span> <span class='ocrx_word' id='word_1_57' title='bbox 1573 1525 1744 1577; x_wconf 81' lang='lat' dir='ltr'><strong>dicam</strong></span> <span class='ocrx_word' id='word_1_58' title='bbox 1785 1525 2048 1594; x_wconf 77' lang='lat' dir='ltr'><strong>caelitum,</strong></span> 
     </span>
    </p>
   </div>
   <div class='ocr_carea' id='block_1_5' title="bbox 202 1615 2107 1787">
    <p class='ocr_par' dir='ltr' id='par_1_5' title="bbox 202 1615 2107 1787">
     <span class='ocr_line' id='line_1_14' title="bbox 202 1615 2107 1691; baseline 0.004 -24"><span class='ocrx_word' id='word_1_59' title='bbox 202 1617 308 1668; x_wconf 71' lang='lat'><strong>270</strong></span> <span class='ocrx_word' id='word_1_60' title='bbox 351 1615 452 1668; x_wconf 77' lang='lat' dir='ltr'><strong>Se&#39;d</strong></span> <span class='ocrx_word' id='word_1_61' title='bbox 493 1636 582 1669; x_wconf 89' lang='lat' dir='ltr'><strong>eos</strong></span> <span class='ocrx_word' id='word_1_62' title='bbox 623 1637 733 1670; x_wconf 90' lang='lat' dir='ltr'><strong>non</strong></span> <span class='ocrx_word' id='word_1_63' title='bbox 774 1619 957 1671; x_wconf 62' lang='grc'><strong>01113210</strong></span> <span class='ocrx_word' id='word_1_64' title='bbox 999 1620 1203 1689; x_wconf 79' lang='lat' dir='ltr'>opinor,</span> <span class='ocrx_word' id='word_1_65' title='bbox 1243 1619 1371 1689; x_wconf 81' lang='lat' dir='ltr'><strong>quid</strong></span> <span class='ocrx_word' id='word_1_66' title='bbox 1412 1624 1539 1691; x_wconf 80' lang='lat' dir='ltr'><strong>agat</strong></span> <span class='ocrx_word' id='word_1_67' title='bbox 1577 1621 1873 1674; x_wconf 74' lang='lat' dir='ltr'><strong>humanum</strong></span> <span class='ocrx_word' id='word_1_68' title='bbox 1913 1639 2107 1691; x_wconf 84' lang='lat' dir='ltr'><strong>genus:</strong></span> 
     </span>
     <span class='ocr_line' id='line_1_15' title="bbox 347 1712 2105 1787; baseline 0.005 -23"><span class='ocrx_word' id='word_1_69' title='bbox 347 1712 488 1765; x_wconf 68' lang='lat' dir='ltr'><strong>Nziin</strong></span> <span class='ocrx_word' id='word_1_70' title='bbox 530 1714 573 1765; x_wconf 85' lang='lat' dir='ltr'><strong>si</strong></span> <span class='ocrx_word' id='word_1_71' title='bbox 614 1718 822 1783; x_wconf 78' lang='grc'><strong>01110111,</strong></span> <span class='ocrx_word' id='word_1_72' title='bbox 868 1716 1003 1768; x_wconf 74' lang='lat' dir='ltr'><strong>bene</strong></span> <span class='ocrx_word' id='word_1_73' title='bbox 1043 1716 1198 1769; x_wconf 84' lang='lat' dir='ltr'><strong>bonis</strong></span> <span class='ocrx_word' id='word_1_74' title='bbox 1241 1717 1330 1787; x_wconf 79' lang='lat' dir='ltr'><strong>sit,</strong></span> <span class='ocrx_word' id='word_1_75' title='bbox 1377 1718 1514 1769; x_wconf 63' lang='lat' dir='ltr'><strong>mzile</strong></span> <span class='ocrx_word' id='word_1_76' title='bbox 1555 1718 1730 1787; x_wconf 79' lang='lat' dir='ltr'><strong>inaliS,</strong></span> <span class='ocrx_word' id='word_1_77' title='bbox 1779 1718 1920 1787; x_wconf 85' lang='lat' dir='ltr'><strong>quod</strong></span> <span class='ocrx_word' id='word_1_78' title='bbox 1961 1722 2105 1772; x_wconf 80' lang='lat' dir='ltr'><strong>minc</strong></span> 
     </span>
    </p>
   </div>
   <div class='ocr_carea' id='block_1_6' title="bbox 1338 1813 1500 1866">
    <p class='ocr_par' dir='ltr' id='par_1_6' title="bbox 1338 1813 1500 1866">
     <span class='ocr_line' id='line_1_16' title="bbox 1338 1813 1500 1866; baseline 0.006 -1"><span class='ocrx_word' id='word_1_79' title='bbox 1338 1813 1500 1866; x_wconf 77' lang='lat' dir='ltr'><strong>abest.</strong></span> 
     </span>
    </p>
   </div>
   <div class='ocr_carea' id='block_1_7' title="bbox 200 1972 2108 2479">
    <p class='ocr_par' dir='ltr' id='par_1_7' title="bbox 200 1972 2108 2255">
     <span class='ocr_line' id='line_1_17' title="bbox 285 1972 2106 2028; baseline 0.004 -18"><span class='ocrx_word' id='word_1_80' title='bbox 285 1972 323 2009; x_wconf 94' lang='lat' dir='ltr'>V</span> <span class='ocrx_word' id='word_1_81' title='bbox 354 1972 469 2013; x_wconf 89' lang='lat' dir='ltr'><strong>Non.</strong></span> <span class='ocrx_word' id='word_1_82' title='bbox 492 1974 586 2024; x_wconf 77' lang='grc'><strong>512,</strong></span> <span class='ocrx_word' id='word_1_83' title='bbox 611 1974 636 2013; x_wconf 88' lang='grc'>8</span> <span class='ocrx_word' id='word_1_84' title='bbox 670 1973 918 2016; x_wconf 78' lang='lat' dir='ltr'><strong>‘duriter</strong></span> <span class='ocrx_word' id='word_1_85' title='bbox 947 1988 1028 2028; x_wconf 81' lang='lat' dir='ltr'><strong>pro</strong></span> <span class='ocrx_word' id='word_1_86' title='bbox 1060 1975 1168 2016; x_wconf 85' lang='lat' dir='ltr'><strong>dure</strong></span> <span class='ocrx_word' id='word_1_87' title='bbox 1200 2006 1210 2017; x_wconf 85' lang='lat'><strong>.</strong></span> <span class='ocrx_word' id='word_1_88' title='bbox 1229 2006 1239 2017; x_wconf 89' lang='lat'><strong>.</strong></span> <span class='ocrx_word' id='word_1_89' title='bbox 1257 2006 1267 2017; x_wconf 86' lang='lat'><strong>.</strong></span> <span class='ocrx_word' id='word_1_90' title='bbox 1296 1976 1473 2018; x_wconf 88' lang='lat' dir='ltr'><strong>Ennius</strong></span> <span class='ocrx_word' id='word_1_91' title='bbox 1495 1976 1694 2017; x_wconf 87' lang='lat' dir='ltr'><strong>Foenice</strong></span> <span class='ocrx_word' id='word_1_92' title='bbox 1724 2008 1734 2018; x_wconf 91' lang='lat'><em>.</em></span> <span class='ocrx_word' id='word_1_93' title='bbox 1752 2008 1761 2017; x_wconf 94' lang='lat'><strong><em>.</em></strong></span> <span class='ocrx_word' id='word_1_94' title='bbox 1781 1980 1817 2018; x_wconf 87' lang='lat'><strong>.&#39;</strong></span> <span class='ocrx_word' id='word_1_95' title='bbox 1852 1974 1925 2026; x_wconf 90' lang='lat' dir='ltr'><strong>(In</strong></span> <span class='ocrx_word' id='word_1_96' title='bbox 1946 1977 2106 2018; x_wconf 79' lang='lat' dir='ltr'><strong>Bamb.</strong></span> 
     </span>
     <span class='ocr_line' id='line_1_18' title="bbox 200 2027 2106 2086; baseline 0.004 -19"><span class='ocrx_word' id='word_1_97' title='bbox 200 2027 314 2067; x_wconf 84' lang='lat' dir='ltr'>nihil</span> <span class='ocrx_word' id='word_1_98' title='bbox 346 2033 472 2069; x_wconf 80' lang='lat' dir='ltr'><strong>extat</strong></span> <span class='ocrx_word' id='word_1_99' title='bbox 503 2035 689 2082; x_wconf 82' lang='lat' dir='ltr'><strong>praeter</strong></span> <span class='ocrx_word' id='word_1_100' title='bbox 720 2029 832 2072; x_wconf 80' lang='lat' dir='ltr'><strong>duas</strong></span> <span class='ocrx_word' id='word_1_101' title='bbox 864 2043 1001 2073; x_wconf 88' lang='lat' dir='ltr'><strong>uoces</strong></span> <span class='ocrx_word' id='word_1_102' title='bbox 1033 2031 1278 2084; x_wconf 83' lang='lat' dir='ltr'><strong>extremas)</strong></span> <span class='ocrx_word' id='word_1_103' title='bbox 1310 2031 1548 2073; x_wconf 83' lang='lat' dir='ltr'><strong>Charisius</strong></span> <span class='ocrx_word' id='word_1_104' title='bbox 1580 2045 1619 2086; x_wconf 89' lang='lat' dir='ltr'><strong>p.</strong></span> <span class='ocrx_word' id='word_1_105' title='bbox 1654 2035 1734 2074; x_wconf 83' lang='grc'><strong>178</strong></span> <span class='ocrx_word' id='word_1_106' title='bbox 1765 2034 1815 2074; x_wconf 93' lang='grc' dir='ltr'><strong>Ρ.</strong></span> <span class='ocrx_word' id='word_1_107' title='bbox 1846 2033 2106 2076; x_wconf 70' lang='lat' dir='ltr'><strong>‘duriten</strong></span> 
     </span>
     <span class='ocr_line' id='line_1_19' title="bbox 200 2085 2106 2142; baseline 0.004 -18"><span class='ocrx_word' id='word_1_108' title='bbox 200 2085 443 2125; x_wconf 83' lang='lat' dir='ltr'><strong>Terentius</strong></span> <span class='ocrx_word' id='word_1_109' title='bbox 474 2085 522 2125; x_wconf 91' lang='lat' dir='ltr'><strong>in</strong></span> <span class='ocrx_word' id='word_1_110' title='bbox 544 2086 767 2140; x_wconf 82' lang='lat' dir='ltr'><strong>Adelphis</strong></span> <span class='ocrx_word' id='word_1_111' title='bbox 891 2088 970 2128; x_wconf 90' lang='lat' dir='ltr'><strong>ubi</strong></span> <span class='ocrx_word' id='word_1_112' title='bbox 992 2088 1165 2129; x_wconf 84' lang='lat' dir='ltr'><strong>Acron:</strong></span> <span class='ocrx_word' id='word_1_113' title='bbox 1199 2088 1446 2130; x_wconf 86' lang='lat' dir='ltr'><strong>secundum</strong></span> <span class='ocrx_word' id='word_1_114' title='bbox 1470 2089 1774 2142; x_wconf 85' lang='lat' dir='ltr'><strong>antiquorum,</strong></span> <span class='ocrx_word' id='word_1_115' title='bbox 1806 2090 1970 2142; x_wconf 87' lang='lat' dir='ltr'><strong>inquit,</strong></span> <span class='ocrx_word' id='word_1_116' title='bbox 2002 2103 2106 2131; x_wconf 90' lang='grc'><strong>0011-</strong></span> 
     </span>
     <span class='ocr_line' id='line_1_20' title="bbox 202 2141 2108 2200; baseline 0.004 -20"><span class='ocrx_word' id='word_1_117' title='bbox 202 2141 505 2182; x_wconf 89' lang='lat' dir='ltr'><strong>suetudinem.</strong></span> <span class='ocrx_word' id='word_1_118' title='bbox 567 2142 683 2183; x_wconf 81' lang='lat' dir='ltr'><strong>Nam</strong></span> <span class='ocrx_word' id='word_1_119' title='bbox 716 2148 763 2184; x_wconf 90' lang='lat' dir='ltr'><strong>et</strong></span> <span class='ocrx_word' id='word_1_120' title='bbox 793 2144 968 2185; x_wconf 90' lang='lat' dir='ltr'><strong>Ennius</strong></span> <span class='ocrx_word' id='word_1_121' title='bbox 1000 2145 1046 2185; x_wconf 91' lang='lat' dir='ltr'><strong>in</strong></span> <span class='ocrx_word' id='word_1_122' title='bbox 1078 2145 1308 2186; x_wconf 85' lang='lat' dir='ltr'><strong>Phoenice</strong></span> <span class='ocrx_word' id='word_1_123' title='bbox 1337 2150 1429 2187; x_wconf 89' lang='lat'>...’</span> <span class='ocrx_word' id='word_1_124' title='bbox 1462 2144 1725 2198; x_wconf 87' lang='lat' dir='ltr'><strong>(poenice</strong></span> <span class='ocrx_word' id='word_1_125' title='bbox 1759 2146 1874 2197; x_wconf 89' lang='lat' dir='ltr'><strong>cod.,</strong></span> <span class='ocrx_word' id='word_1_126' title='bbox 1906 2147 2024 2200; x_wconf 89' lang='lat' dir='ltr'><strong>quod</strong></span> <span class='ocrx_word' id='word_1_127' title='bbox 2054 2159 2108 2187; x_wconf 83' lang='lat' dir='ltr'><strong>ex</strong></span> 
     </span>
     <span class='ocr_line' id='line_1_21' title="bbox 201 2197 1940 2255; baseline 0.004 -19"><span class='ocrx_word' id='word_1_128' title='bbox 201 2197 404 2249; x_wconf 79' lang='lat' dir='ltr'><strong>antiquis</strong></span> <span class='ocrx_word' id='word_1_129' title='bbox 434 2197 564 2239; x_wconf 89' lang='lat' dir='ltr'><strong>libris</strong></span> <span class='ocrx_word' id='word_1_130' title='bbox 596 2213 808 2241; x_wconf 79' lang='lat' dir='ltr'><strong>manasse</strong></span> <span class='ocrx_word' id='word_1_131' title='bbox 840 2202 1004 2242; x_wconf 85' lang='lat' dir='ltr'><strong>statuit</strong></span> <span class='ocrx_word' id='word_1_132' title='bbox 1035 2202 1118 2242; x_wconf 92' lang='lat' dir='ltr'><strong>Th.</strong></span> <span class='ocrx_word' id='word_1_133' title='bbox 1152 2203 1260 2255; x_wconf 86' lang='lat' dir='ltr'><strong>Hug</strong></span> <span class='ocrx_word' id='word_1_134' title='bbox 1290 2203 1429 2242; x_wconf 87' lang='lat' dir='ltr'><strong>Ennii</strong></span> <span class='ocrx_word' id='word_1_135' title='bbox 1460 2215 1566 2243; x_wconf 79' lang='lat' dir='ltr'><strong>ann.</strong></span> <span class='ocrx_word' id='word_1_136' title='bbox 1601 2202 1760 2255; x_wconf 81' lang='lat' dir='ltr'><strong>fragm.</strong></span> <span class='ocrx_word' id='word_1_137' title='bbox 1793 2215 1836 2255; x_wconf 89' lang='lat' dir='ltr'><strong>p.</strong></span> <span class='ocrx_word' id='word_1_138' title='bbox 1871 2203 1940 2253; x_wconf 89' lang='lat'><strong>16)</strong></span> 
     </span>
    </p>

    <p class='ocr_par' dir='ltr' id='par_1_8' title="bbox 202 2254 2106 2479">
     <span class='ocr_line' id='line_1_22' title="bbox 313 2254 2105 2311; baseline 0.003 -18"><span class='ocrx_word' id='word_1_139' title='bbox 313 2255 377 2295; x_wconf 95' lang='lat' dir='ltr'><strong>VI</strong></span> <span class='ocrx_word' id='word_1_140' title='bbox 407 2254 520 2295; x_wconf 88' lang='lat' dir='ltr'><strong>Non.</strong></span> <span class='ocrx_word' id='word_1_141' title='bbox 555 2257 650 2301; x_wconf 84' lang='lat'><strong>511,</strong></span> <span class='ocrx_word' id='word_1_142' title='bbox 675 2259 701 2297; x_wconf 89' lang='lat'>5</span> <span class='ocrx_word' id='word_1_143' title='bbox 733 2258 1017 2298; x_wconf 78' lang='lat' dir='ltr'><strong>‘saeuiter</strong></span> <span class='ocrx_word' id='word_1_144' title='bbox 1047 2271 1128 2311; x_wconf 85' lang='lat' dir='ltr'><strong>pro</strong></span> <span class='ocrx_word' id='word_1_145' title='bbox 1150 2271 1287 2300; x_wconf 85' lang='lat' dir='ltr'><strong>saeue</strong></span> <span class='ocrx_word' id='word_1_146' title='bbox 1414 2259 1588 2299; x_wconf 89' lang='lat' dir='ltr'><strong>Ennius</strong></span> <span class='ocrx_word' id='word_1_147' title='bbox 1613 2259 1783 2299; x_wconf 81' lang='lat' dir='ltr'><strong>Foniee</strong></span> <span class='ocrx_word' id='word_1_148' title='bbox 1813 2263 1907 2301; x_wconf 86' lang='lat'>...&#39;</span> <span class='ocrx_word' id='word_1_149' title='bbox 1939 2258 2105 2311; x_wconf 85' lang='lat' dir='ltr'><strong>(Foe-</strong></span> 
     </span>
     <span class='ocr_line' id='line_1_23' title="bbox 202 2309 2105 2365; baseline 0.004 -16"><span class='ocrx_word' id='word_1_150' title='bbox 202 2310 324 2350; x_wconf 86' lang='lat' dir='ltr'><strong>nice</strong></span> <span class='ocrx_word' id='word_1_151' title='bbox 357 2309 538 2362; x_wconf 85' lang='lat' dir='ltr'>Bamb.)</span> <span class='ocrx_word' id='word_1_152' title='bbox 655 2313 741 2354; x_wconf 92' lang='lat' dir='ltr'><strong>VII</strong></span> <span class='ocrx_word' id='word_1_153' title='bbox 773 2314 888 2354; x_wconf 88' lang='lat' dir='ltr'><strong>Non.</strong></span> <span class='ocrx_word' id='word_1_154' title='bbox 920 2316 1023 2362; x_wconf 87' lang='lat'>514,</span> <span class='ocrx_word' id='word_1_155' title='bbox 1059 2317 1108 2356; x_wconf 91' lang='grc'><strong>13</strong></span> <span class='ocrx_word' id='word_1_156' title='bbox 1141 2315 1387 2365; x_wconf 82' lang='lat' dir='ltr'><strong>‘futtile,</strong></span> <span class='ocrx_word' id='word_1_157' title='bbox 1421 2315 1650 2358; x_wconf 83' lang='lat' dir='ltr'><strong>futtiliter.</strong></span> <span class='ocrx_word' id='word_1_158' title='bbox 1697 2316 1872 2357; x_wconf 90' lang='lat' dir='ltr'><strong>Ennius</strong></span> <span class='ocrx_word' id='word_1_159' title='bbox 1901 2316 2105 2357; x_wconf 86' lang='lat' dir='ltr'><strong>Foenice</strong></span> 
     </span>
     <span class='ocr_line' id='line_1_24' title="bbox 210 2367 2106 2424; baseline 0.003 -17"><span class='ocrx_word' id='word_1_160' title='bbox 210 2369 300 2407; x_wconf 76' lang='lat'><strong>...³</strong></span> <span class='ocrx_word' id='word_1_161' title='bbox 406 2368 518 2409; x_wconf 92' lang='lat' dir='ltr'><strong>VIII</strong></span> <span class='ocrx_word' id='word_1_162' title='bbox 547 2367 663 2409; x_wconf 90' lang='lat' dir='ltr'><strong>Non.</strong></span> <span class='ocrx_word' id='word_1_163' title='bbox 698 2372 800 2418; x_wconf 86' lang='lat'>518,</span> <span class='ocrx_word' id='word_1_164' title='bbox 834 2372 859 2411; x_wconf 85' lang='lat'>5</span> <span class='ocrx_word' id='word_1_165' title='bbox 892 2370 1222 2424; x_wconf 79' lang='lat' dir='ltr'><strong>‘derepente</strong></span> <span class='ocrx_word' id='word_1_166' title='bbox 1348 2371 1524 2411; x_wconf 90' lang='lat' dir='ltr'><strong>Ennius</strong></span> <span class='ocrx_word' id='word_1_167' title='bbox 1555 2372 1784 2412; x_wconf 77' lang='lat' dir='ltr'><strong>Poenicae</strong></span> <span class='ocrx_word' id='word_1_168' title='bbox 1816 2376 1906 2413; x_wconf 75' lang='lat'><strong>...³</strong></span> <span class='ocrx_word' id='word_1_169' title='bbox 1941 2370 2106 2423; x_wconf 91' lang='lat' dir='ltr'><strong>(Phe-</strong></span> 
     </span>
     <span class='ocr_line' id='line_1_25' title="bbox 203 2423 2103 2479; baseline 0.004 -17"><span class='ocrx_word' id='word_1_170' title='bbox 203 2423 335 2463; x_wconf 90' lang='lat' dir='ltr'><strong>nice</strong></span> <span class='ocrx_word' id='word_1_171' title='bbox 368 2423 546 2474; x_wconf 83' lang='lat' dir='ltr'>Bamb.)</span> <span class='ocrx_word' id='word_1_172' title='bbox 606 2425 691 2465; x_wconf 87' lang='lat' dir='ltr'><strong>His</strong></span> <span class='ocrx_word' id='word_1_173' title='bbox 715 2426 821 2466; x_wconf 86' lang='lat' dir='ltr'><strong>addi</strong></span> <span class='ocrx_word' id='word_1_174' title='bbox 850 2432 1042 2479; x_wconf 78' lang='lat' dir='ltr'><strong>possunt</strong></span> <span class='ocrx_word' id='word_1_175' title='bbox 1071 2427 1160 2467; x_wconf 89' lang='lat' dir='ltr'><strong>inc.</strong></span> <span class='ocrx_word' id='word_1_176' title='bbox 1188 2441 1305 2467; x_wconf 90' lang='lat' dir='ltr'><strong>nom.</strong></span> <span class='ocrx_word' id='word_1_177' title='bbox 1328 2427 1479 2469; x_wconf 90' lang='lat' dir='ltr'><strong>XXVI</strong></span> <span class='ocrx_word' id='word_1_178' title='bbox 1512 2431 1558 2467; x_wconf 89' lang='lat' dir='ltr'><strong>et</strong></span> <span class='ocrx_word' id='word_1_179' title='bbox 1587 2427 1675 2468; x_wconf 88' lang='lat' dir='ltr'><strong>inc.</strong></span> <span class='ocrx_word' id='word_1_180' title='bbox 1701 2428 1790 2470; x_wconf 90' lang='lat' dir='ltr'><strong>inc.</strong></span> <span class='ocrx_word' id='word_1_181' title='bbox 1814 2428 1907 2469; x_wconf 86' lang='lat' dir='ltr'><strong>fab.</strong></span> <span class='ocrx_word' id='word_1_182' title='bbox 1934 2428 2103 2471; x_wconf 87' lang='lat' dir='ltr'><strong>CXVII</strong></span> 
     </span>
    </p>
   </div>
   <div class='ocr_carea' id='block_1_8' title="bbox 201 2494 2105 2772">
    <p class='ocr_par' dir='ltr' id='par_1_9' title="bbox 201 2494 2105 2772">
     <span class='ocr_line' id='line_1_26' title="bbox 315 2494 2104 2553; baseline 0.004 -20"><span class='ocrx_word' id='word_1_183' title='bbox 315 2494 513 2534; x_wconf 78' lang='lat' dir='ltr'>TELAMO</span> <span class='ocrx_word' id='word_1_184' title='bbox 546 2495 568 2535; x_wconf 92' lang='grc' dir='ltr'><strong>Ι</strong></span> <span class='ocrx_word' id='word_1_185' title='bbox 599 2495 762 2537; x_wconf 88' lang='lat' dir='ltr'><strong>Cicero</strong></span> <span class='ocrx_word' id='word_1_186' title='bbox 795 2496 848 2538; x_wconf 92' lang='lat' dir='ltr'><strong>de</strong></span> <span class='ocrx_word' id='word_1_187' title='bbox 880 2497 969 2538; x_wconf 89' lang='lat' dir='ltr'><strong>diu.</strong></span> <span class='ocrx_word' id='word_1_188' title='bbox 996 2498 1043 2538; x_wconf 95' lang='lat' dir='ltr'><strong>II</strong></span> <span class='ocrx_word' id='word_1_189' title='bbox 1076 2499 1144 2549; x_wconf 90' lang='lat'><strong>50,</strong></span> <span class='ocrx_word' id='word_1_190' title='bbox 1179 2499 1259 2539; x_wconf 88' lang='grc'><strong>104</strong></span> <span class='ocrx_word' id='word_1_191' title='bbox 1292 2502 1375 2538; x_wconf 80' lang='lat' dir='ltr'><strong>‘an</strong></span> <span class='ocrx_word' id='word_1_192' title='bbox 1407 2504 1558 2540; x_wconf 83' lang='lat' dir='ltr'><strong>noster</strong></span> <span class='ocrx_word' id='word_1_193' title='bbox 1589 2499 1796 2539; x_wconf 81' lang='lat' dir='ltr'><strong>Ennius?</strong></span> <span class='ocrx_word' id='word_1_194' title='bbox 1830 2500 1907 2551; x_wconf 90' lang='lat' dir='ltr'><strong>qui</strong></span> <span class='ocrx_word' id='word_1_195' title='bbox 1938 2513 2104 2553; x_wconf 84' lang='lat' dir='ltr'><strong>magno</strong></span> 
     </span>
     <span class='ocr_line' id='line_1_27' title="bbox 203 2549 2104 2610; baseline 0.005 -22"><span class='ocrx_word' id='word_1_196' title='bbox 203 2549 366 2601; x_wconf 83' lang='lat' dir='ltr'><strong>plausu</strong></span> <span class='ocrx_word' id='word_1_197' title='bbox 396 2550 598 2602; x_wconf 89' lang='lat' dir='ltr'><strong>loquitur</strong></span> <span class='ocrx_word' id='word_1_198' title='bbox 635 2553 917 2594; x_wconf 83' lang='lat' dir='ltr'><strong>assentiente</strong></span> <span class='ocrx_word' id='word_1_199' title='bbox 958 2553 1124 2607; x_wconf 87' lang='lat' dir='ltr'><strong>populo</strong></span> <span class='ocrx_word' id='word_1_200' title='bbox 1162 2551 1276 2606; x_wconf 78' lang='lat'>[269.</span> <span class='ocrx_word' id='word_1_201' title='bbox 1310 2553 1428 2607; x_wconf 66' lang='lat'><strong>⁸270]⁸</strong></span> <span class='ocrx_word' id='word_1_202' title='bbox 1490 2555 1549 2595; x_wconf 89' lang='lat' dir='ltr'><strong>Et</strong></span> <span class='ocrx_word' id='word_1_203' title='bbox 1581 2555 1762 2608; x_wconf 88' lang='lat' dir='ltr'><strong>quidem</strong></span> <span class='ocrx_word' id='word_1_204' title='bbox 1802 2568 1880 2596; x_wconf 88' lang='lat' dir='ltr'><strong>cur</strong></span> <span class='ocrx_word' id='word_1_205' title='bbox 1910 2557 1976 2597; x_wconf 85' lang='lat' dir='ltr'><strong>sic</strong></span> <span class='ocrx_word' id='word_1_206' title='bbox 2007 2557 2104 2610; x_wconf 93' lang='lat' dir='ltr'><strong>opi-</strong></span> 
     </span>
     <span class='ocr_line' id='line_1_28' title="bbox 201 2608 2105 2664; baseline 0.004 -19"><span class='ocrx_word' id='word_1_207' title='bbox 201 2613 351 2653; x_wconf 87' lang='lat' dir='ltr'><strong>netur,</strong></span> <span class='ocrx_word' id='word_1_208' title='bbox 395 2608 619 2648; x_wconf 83' lang='lat' dir='ltr'><strong>rationem</strong></span> <span class='ocrx_word' id='word_1_209' title='bbox 659 2609 842 2651; x_wconf 81' lang='lat' dir='ltr'><strong>subicit.</strong></span> <span class='ocrx_word' id='word_1_210' title='bbox 905 2609 995 2650; x_wconf 86' lang='lat' dir='ltr'><strong>Sed</strong></span> <span class='ocrx_word' id='word_1_211' title='bbox 1037 2610 1150 2650; x_wconf 89' lang='lat' dir='ltr'><strong>nihil</strong></span> <span class='ocrx_word' id='word_1_212' title='bbox 1191 2615 1262 2651; x_wconf 91' lang='lat' dir='ltr'><strong>est</strong></span> <span class='ocrx_word' id='word_1_213' title='bbox 1300 2624 1490 2653; x_wconf 89' lang='lat' dir='ltr'><strong>necesse</strong></span> <span class='ocrx_word' id='word_1_214' title='bbox 1532 2611 1686 2653; x_wconf 77' lang='lat' dir='ltr'><strong>dicere</strong></span> <span class='ocrx_word' id='word_1_215' title='bbox 1719 2625 1833 2664; x_wconf 83' lang='lat' dir='ltr'><strong>quae</strong></span> <span class='ocrx_word' id='word_1_216' title='bbox 1865 2618 2105 2654; x_wconf 82' lang='lat' dir='ltr'><strong>secuntur:</strong></span> 
     </span>
     <span class='ocr_line' id='line_1_29' title="bbox 203 2664 2104 2721; baseline 0.005 -19"><span class='ocrx_word' id='word_1_217' title='bbox 203 2666 379 2702; x_wconf 83' lang='lat' dir='ltr'><strong>tantum</strong></span> <span class='ocrx_word' id='word_1_218' title='bbox 412 2667 484 2703; x_wconf 86' lang='lat' dir='ltr'><strong>sat</strong></span> <span class='ocrx_word' id='word_1_219' title='bbox 514 2667 583 2705; x_wconf 85' lang='lat' dir='ltr'><strong>est</strong></span> <span class='ocrx_word' id='word_1_220' title='bbox 612 2664 843 2718; x_wconf 85' lang='lat' dir='ltr'><strong>intellegi,</strong></span> <span class='ocrx_word' id='word_1_221' title='bbox 884 2666 930 2706; x_wconf 90' lang='lat' dir='ltr'><strong>id</strong></span> <span class='ocrx_word' id='word_1_222' title='bbox 961 2679 1138 2708; x_wconf 84' lang='lat' dir='ltr'><strong>sumere</strong></span> <span class='ocrx_word' id='word_1_223' title='bbox 1175 2667 1290 2708; x_wconf 86' lang='lat' dir='ltr'><strong>istos</strong></span> <span class='ocrx_word' id='word_1_224' title='bbox 1322 2681 1402 2721; x_wconf 89' lang='lat' dir='ltr'><strong>pro</strong></span> <span class='ocrx_word' id='word_1_225' title='bbox 1435 2672 1584 2716; x_wconf 87' lang='lat' dir='ltr'><strong>certo,</strong></span> <span class='ocrx_word' id='word_1_226' title='bbox 1626 2668 1745 2721; x_wconf 89' lang='lat' dir='ltr'><strong>quod</strong></span> <span class='ocrx_word' id='word_1_227' title='bbox 1776 2668 1961 2710; x_wconf 88' lang='lat' dir='ltr'><strong>dubium</strong></span> <span class='ocrx_word' id='word_1_228' title='bbox 1995 2682 2104 2711; x_wconf 80' lang='lat' dir='ltr'><strong>con-</strong></span> 
     </span>
     <span class='ocr_line' id='line_1_30' title="bbox 202 2721 2103 2772; baseline 0.005 -14"><span class='ocrx_word' id='word_1_229' title='bbox 202 2724 545 2772; x_wconf 88' lang='lat' dir='ltr'><strong>trouersumque</strong></span> <span class='ocrx_word' id='word_1_230' title='bbox 580 2721 673 2761; x_wconf 88' lang='lat' dir='ltr'><strong>sit.’</strong></span> <span class='ocrx_word' id='word_1_231' title='bbox 723 2722 849 2762; x_wconf 91' lang='lat' dir='ltr'><strong>Idem</strong></span> <span class='ocrx_word' id='word_1_232' title='bbox 881 2723 935 2764; x_wconf 90' lang='lat' dir='ltr'><strong>de</strong></span> <span class='ocrx_word' id='word_1_233' title='bbox 967 2729 1060 2763; x_wconf 82' lang='lat' dir='ltr'><strong>nat.</strong></span> <span class='ocrx_word' id='word_1_234' title='bbox 1095 2723 1216 2764; x_wconf 90' lang='lat' dir='ltr'><strong>deor.</strong></span> <span class='ocrx_word' id='word_1_235' title='bbox 1250 2725 1319 2765; x_wconf 91' lang='lat'><strong>111</strong></span> <span class='ocrx_word' id='word_1_236' title='bbox 1349 2727 1423 2771; x_wconf 82' lang='lat'><strong>32,</strong></span> <span class='ocrx_word' id='word_1_237' title='bbox 1457 2727 1510 2766; x_wconf 85' lang='lat'><strong>79</strong></span> <span class='ocrx_word' id='word_1_238' title='bbox 1543 2725 1796 2766; x_wconf 68' lang='lat' dir='ltr'><strong>‘Telamo</strong></span> <span class='ocrx_word' id='word_1_239' title='bbox 1829 2730 1982 2767; x_wconf 87' lang='lat' dir='ltr'><strong>autem</strong></span> <span class='ocrx_word' id='word_1_240' title='bbox 2014 2739 2103 2767; x_wconf 90' lang='lat' dir='ltr'><strong>uno</strong></span> 
     </span>
    </p>
   </div>
   <div class='ocr_carea' id='block_1_9' title="bbox 202 2776 2104 2886">
    <p class='ocr_par' dir='ltr' id='par_1_10' title="bbox 202 2776 2104 2886">
     <span class='ocr_line' id='line_1_31' title="bbox 202 2776 2104 2836; baseline 0.005 -21"><span class='ocrx_word' id='word_1_241' title='bbox 202 2787 339 2815; x_wconf 88' lang='lat' dir='ltr'><strong>uersu</strong></span> <span class='ocrx_word' id='word_1_242' title='bbox 371 2780 516 2817; x_wconf 90' lang='lat' dir='ltr'><strong>totum</strong></span> <span class='ocrx_word' id='word_1_243' title='bbox 548 2776 696 2818; x_wconf 89' lang='lat' dir='ltr'><strong>locum</strong></span> <span class='ocrx_word' id='word_1_244' title='bbox 729 2779 928 2830; x_wconf 85' lang='lat' dir='ltr'><strong>conficit,</strong></span> <span class='ocrx_word' id='word_1_245' title='bbox 961 2793 1039 2820; x_wconf 89' lang='lat' dir='ltr'><strong>cur</strong></span> <span class='ocrx_word' id='word_1_246' title='bbox 1071 2780 1115 2820; x_wconf 89' lang='lat' dir='ltr'><strong>di</strong></span> <span class='ocrx_word' id='word_1_247' title='bbox 1146 2780 1350 2822; x_wconf 90' lang='lat' dir='ltr'><strong>homines</strong></span> <span class='ocrx_word' id='word_1_248' title='bbox 1381 2782 1636 2836; x_wconf 82' lang='lat' dir='ltr'><strong>neglegant</strong></span> <span class='ocrx_word' id='word_1_249' title='bbox 1668 2778 1828 2836; x_wconf 79' lang='lat'>[271].’</span> <span class='ocrx_word' id='word_1_250' title='bbox 1888 2782 2015 2824; x_wconf 89' lang='lat' dir='ltr'><strong>Idem</strong></span> <span class='ocrx_word' id='word_1_251' title='bbox 2047 2782 2104 2824; x_wconf 84' lang='lat' dir='ltr'><strong>de</strong></span> 
     </span>
     <span class='ocr_line' id='line_1_32' title="bbox 205 2830 780 2886; baseline 0.007 -15"><span class='ocrx_word' id='word_1_252' title='bbox 205 2830 299 2872; x_wconf 77' lang='lat' dir='ltr'><strong>diu.</strong></span> <span class='ocrx_word' id='word_1_253' title='bbox 331 2833 351 2872; x_wconf 95' lang='lat'>1</span> <span class='ocrx_word' id='word_1_254' title='bbox 384 2835 459 2883; x_wconf 84' lang='lat'><strong>58,</strong></span> <span class='ocrx_word' id='word_1_255' title='bbox 496 2835 574 2875; x_wconf 79' lang='lat'><strong>132</strong></span> <span class='ocrx_word' id='word_1_256' title='bbox 608 2833 682 2886; x_wconf 76' lang='lat' dir='ltr'><strong>(ef.</strong></span> <span class='ocrx_word' id='word_1_257' title='bbox 717 2835 780 2886; x_wconf 88' lang='lat'><strong>11)</strong></span> 
     </span>
    </p>
   </div>
   <div class='ocr_carea' id='block_1_10' title="bbox 238 2941 554 2947">
    <p class='ocr_par' dir='ltr' id='par_1_11' title="bbox 238 2941 554 2947">
     <span class='ocr_line' id='line_1_33' title="bbox 238 2941 554 2947; baseline 0 0"><span class='ocrx_word' id='word_1_258' title='bbox 238 2941 554 2947; x_wconf 95' lang='lat' dir='ltr'><strong> </strong></span> 
     </span>
    </p>
   </div>
   <div class='ocr_carea' id='block_1_11' title="bbox 199 3010 2103 3629">
    <p class='ocr_par' dir='ltr' id='par_1_12' title="bbox 199 3010 2103 3629">
     <span class='ocr_line' id='line_1_34' title="bbox 218 3010 2100 3077; baseline 0.006 -25"><span class='ocrx_word' id='word_1_259' title='bbox 218 3010 374 3054; x_wconf 80' lang='lat' dir='ltr'><strong>Vrbin.</strong></span> <span class='ocrx_word' id='word_1_260' title='bbox 407 3010 505 3057; x_wconf 85' lang='lat'><strong>308</strong></span> <span class='ocrx_word' id='word_1_261' title='bbox 604 3011 802 3072; x_wconf 80' lang='lat' dir='ltr'><strong>linguam</strong></span> <span class='ocrx_word' id='word_1_262' title='bbox 832 3013 983 3059; x_wconf 79' lang='lat' dir='ltr'><strong>Basil.</strong></span> <span class='ocrx_word' id='word_1_263' title='bbox 1026 3013 1178 3074; x_wconf 77' lang='lat' dir='ltr'><strong>lingua</strong></span> <span class='ocrx_word' id='word_1_264' title='bbox 1205 3019 1356 3061; x_wconf 75' lang='lat' dir='ltr'><strong>celeri</strong></span> <span class='ocrx_word' id='word_1_265' title='bbox 1379 3017 1492 3061; x_wconf 79' lang='lat' dir='ltr'><strong>libri</strong></span> <span class='ocrx_word' id='word_1_266' title='bbox 1588 3015 1687 3063; x_wconf 82' lang='grc'><strong>265</strong></span> <span class='ocrx_word' id='word_1_267' title='bbox 1718 3015 1795 3062; x_wconf 83' lang='lat' dir='ltr'><strong>tihi</strong></span> <span class='ocrx_word' id='word_1_268' title='bbox 1822 3030 1951 3077; x_wconf 81' lang='lat' dir='ltr'><strong>quam</strong></span> <span class='ocrx_word' id='word_1_269' title='bbox 1980 3018 2100 3075; x_wconf 80' lang='lat' dir='ltr'><strong>Gep-</strong></span> 
     </span>
     <span class='ocr_line' id='line_1_35' title="bbox 199 3082 2103 3146; baseline 0.004 -21"><span class='ocrx_word' id='word_1_270' title='bbox 199 3086 369 3138; x_wconf 77' lang='lat' dir='ltr'><strong>perlus</strong></span> <span class='ocrx_word' id='word_1_271' title='bbox 406 3082 463 3125; x_wconf 75' lang='grc' dir='ltr'><strong>(ῖο</strong></span> <span class='ocrx_word' id='word_1_272' title='bbox 494 3095 638 3138; x_wconf 79' lang='lat' dir='ltr'><strong>pron.</strong></span> <span class='ocrx_word' id='word_1_273' title='bbox 681 3082 778 3128; x_wconf 87' lang='lat'><strong>113</strong></span> <span class='ocrx_word' id='word_1_274' title='bbox 928 3084 1027 3131; x_wconf 81' lang='lat'><strong>266</strong></span> <span class='ocrx_word' id='word_1_275' title='bbox 1067 3083 1365 3144; x_wconf 82' lang='lat' dir='ltr'><strong>suspitionem</strong></span> <span class='ocrx_word' id='word_1_276' title='bbox 1404 3087 1571 3132; x_wconf 83' lang='lat' dir='ltr'><strong>Bamh.</strong></span> <span class='ocrx_word' id='word_1_277' title='bbox 1641 3087 1716 3146; x_wconf 86' lang='lat' dir='ltr'><strong>Cf.</strong></span> <span class='ocrx_word' id='word_1_278' title='bbox 1756 3086 2103 3134; x_wconf 75' lang='lat' dir='ltr'><strong>Fleckeisenus</strong></span> 
     </span>
     <span class='ocr_line' id='line_1_36' title="bbox 204 3150 2100 3217; baseline 0.005 -23"><span class='ocrx_word' id='word_1_279' title='bbox 204 3150 325 3195; x_wconf 87' lang='lat' dir='ltr'><strong>Mus.</strong></span> <span class='ocrx_word' id='word_1_280' title='bbox 367 3151 518 3195; x_wconf 77' lang='lat' dir='ltr'><strong>len.</strong></span> <span class='ocrx_word' id='word_1_281' title='bbox 575 3152 695 3197; x_wconf 88' lang='lat' dir='ltr'><strong>VIII</strong></span> <span class='ocrx_word' id='word_1_282' title='bbox 724 3167 774 3210; x_wconf 81' lang='lat' dir='ltr'><strong>p.</strong></span> <span class='ocrx_word' id='word_1_283' title='bbox 816 3153 915 3200; x_wconf 77' lang='lat'><strong>225</strong></span> <span class='ocrx_word' id='word_1_284' title='bbox 955 3168 1080 3214; x_wconf 81' lang='lat' dir='ltr'><strong>sqq.‚</strong></span> <span class='ocrx_word' id='word_1_285' title='bbox 1124 3159 1469 3216; x_wconf 68' lang='lat' dir='ltr'><strong>quinquaqinta</strong></span> <span class='ocrx_word' id='word_1_286' title='bbox 1509 3160 1649 3202; x_wconf 81' lang='lat' dir='ltr'><strong>artic.</strong></span> <span class='ocrx_word' id='word_1_287' title='bbox 1690 3158 1901 3217; x_wconf 70' lang='lat' dir='ltr'><strong>ortkoyr.</strong></span> <span class='ocrx_word' id='word_1_288' title='bbox 1935 3172 1988 3216; x_wconf 81' lang='lat' dir='ltr'><strong>p.</strong></span> <span class='ocrx_word' id='word_1_289' title='bbox 2016 3156 2100 3215; x_wconf 80' lang='lat'><strong>30,</strong></span> 
     </span>
     <span class='ocr_line' id='line_1_37' title="bbox 203 3220 2102 3287; baseline 0.004 -22"><span class='ocrx_word' id='word_1_290' title='bbox 203 3221 289 3265; x_wconf 81' lang='lat' dir='ltr'><strong>secl</strong></span> <span class='ocrx_word' id='word_1_291' title='bbox 325 3227 495 3266; x_wconf 79' lang='lat' dir='ltr'><strong>contra</strong></span> <span class='ocrx_word' id='word_1_292' title='bbox 539 3220 799 3268; x_wconf 77' lang='lat' dir='ltr'><strong>Corssenus</strong></span> <span class='ocrx_word' id='word_1_293' title='bbox 837 3226 981 3283; x_wconf 76' lang='lat' dir='ltr'><strong>symb.</strong></span> <span class='ocrx_word' id='word_1_294' title='bbox 1021 3228 1126 3270; x_wconf 85' lang='lat' dir='ltr'><strong>crit.</strong></span> <span class='ocrx_word' id='word_1_295' title='bbox 1171 3226 1234 3272; x_wconf 88' lang='lat'><strong>15</strong></span> <span class='ocrx_word' id='word_1_296' title='bbox 1273 3240 1340 3286; x_wconf 80' lang='lat' dir='ltr'><strong>sq.</strong></span> <span class='ocrx_word' id='word_1_297' title='bbox 1382 3233 1426 3272; x_wconf 81' lang='lat' dir='ltr'><strong>et</strong></span> <span class='ocrx_word' id='word_1_298' title='bbox 1464 3229 1688 3276; x_wconf 82' lang='lat' dir='ltr'><strong>additam.</strong></span> <span class='ocrx_word' id='word_1_299' title='bbox 1739 3226 1806 3274; x_wconf 90' lang='lat'><strong>50</strong></span> <span class='ocrx_word' id='word_1_300' title='bbox 1842 3241 1938 3287; x_wconf 60' lang='lat' dir='ltr'><strong>sq„</strong></span> <span class='ocrx_word' id='word_1_301' title='bbox 1994 3231 2102 3274; x_wconf 80' lang='lat' dir='ltr'><strong>item</strong></span> 
     </span>
     <span class='ocr_line' id='line_1_38' title="bbox 209 3291 2098 3356; baseline 0.005 -22"><span class='ocrx_word' id='word_1_302' title='bbox 209 3291 447 3349; x_wconf 46' lang='lat' dir='ltr'><strong>Beryti-ius</strong></span> <span class='ocrx_word' id='word_1_303' title='bbox 491 3292 661 3337; x_wconf 79' lang='lat' dir='ltr'><strong>Plzilol.</strong></span> <span class='ocrx_word' id='word_1_304' title='bbox 713 3294 944 3340; x_wconf 77' lang='lat' dir='ltr'><strong>XXVIII</strong></span> <span class='ocrx_word' id='word_1_305' title='bbox 988 3294 1114 3354; x_wconf 87' lang='lat'>448,</span> <span class='ocrx_word' id='word_1_306' title='bbox 1164 3299 1244 3342; x_wconf 85' lang='lat' dir='ltr'><strong>cui</strong></span> <span class='ocrx_word' id='word_1_307' title='bbox 1288 3299 1533 3356; x_wconf 78' lang='lat' dir='ltr'><strong>respondit</strong></span> <span class='ocrx_word' id='word_1_308' title='bbox 1582 3298 1934 3344; x_wconf 77' lang='lat' dir='ltr'><strong>Brambachius</strong></span> <span class='ocrx_word' id='word_1_309' title='bbox 1979 3312 2098 3344; x_wconf 88' lang='lat' dir='ltr'><strong>mus.</strong></span> 
     </span>
     <span class='ocr_line' id='line_1_39' title="bbox 211 3359 2099 3427; baseline 0.005 -23"><span class='ocrx_word' id='word_1_310' title='bbox 211 3359 358 3405; x_wconf 77' lang='lat' dir='ltr'><strong>Rlien.</strong></span> <span class='ocrx_word' id='word_1_311' title='bbox 399 3362 529 3408; x_wconf 85' lang='lat' dir='ltr'><strong>XXI</strong></span> <span class='ocrx_word' id='word_1_312' title='bbox 543 3363 578 3406; x_wconf 92' lang='lat' dir='ltr'><strong>V</strong></span> <span class='ocrx_word' id='word_1_313' title='bbox 614 3363 741 3421; x_wconf 83' lang='lat'>539,</span> <span class='ocrx_word' id='word_1_314' title='bbox 781 3365 866 3408; x_wconf 80' lang='lat' dir='ltr'><strong>secl</strong></span> <span class='ocrx_word' id='word_1_315' title='bbox 901 3379 995 3410; x_wconf 80' lang='lat' dir='ltr'><strong>non</strong></span> <span class='ocrx_word' id='word_1_316' title='bbox 1034 3372 1083 3410; x_wconf 81' lang='lat' dir='ltr'><strong>ut</strong></span> <span class='ocrx_word' id='word_1_317' title='bbox 1120 3367 1261 3412; x_wconf 77' lang='lat' dir='ltr'><strong>huius</strong></span> <span class='ocrx_word' id='word_1_318' title='bbox 1298 3371 1573 3427; x_wconf 80' lang='lat' dir='ltr'><strong>scripturae</strong></span> <span class='ocrx_word' id='word_1_319' title='bbox 1610 3371 1860 3414; x_wconf 78' lang='lat' dir='ltr'><strong>ueritatem</strong></span> <span class='ocrx_word' id='word_1_320' title='bbox 1895 3380 2099 3427; x_wconf 84' lang='lat' dir='ltr'><strong>persua-</strong></span> 
     </span>
     <span class='ocr_line' id='line_1_40' title="bbox 205 3431 1984 3484; baseline 0.005 -11"><span class='ocrx_word' id='word_1_321' title='bbox 205 3434 333 3475; x_wconf 73' lang='lat' dir='ltr'><strong>serit.</strong></span> <span class='ocrx_word' id='word_1_322' title='bbox 446 3431 643 3477; x_wconf 79' lang='lat' dir='ltr'><strong>futtilum</strong></span> <span class='ocrx_word' id='word_1_323' title='bbox 683 3434 813 3479; x_wconf 80' lang='lat' dir='ltr'><strong>Leid.</strong></span> <span class='ocrx_word' id='word_1_324' title='bbox 855 3434 1031 3479; x_wconf 73' lang='lat' dir='ltr'><strong>rutilum</strong></span> <span class='ocrx_word' id='word_1_325' title='bbox 1073 3439 1223 3482; x_wconf 80' lang='lat' dir='ltr'><strong>ceteri</strong></span> <span class='ocrx_word' id='word_1_326' title='bbox 1256 3438 1370 3483; x_wconf 83' lang='lat' dir='ltr'><strong>libri</strong></span> <span class='ocrx_word' id='word_1_327' title='bbox 1511 3437 1611 3484; x_wconf 86' lang='lat'><strong>267</strong></span> <span class='ocrx_word' id='word_1_328' title='bbox 1651 3438 1779 3483; x_wconf 84' lang='lat' dir='ltr'><strong>sutile</strong></span> <span class='ocrx_word' id='word_1_329' title='bbox 1817 3438 1984 3483; x_wconf 85' lang='lat' dir='ltr'><strong>Bamb.</strong></span> 
     </span>
     <span class='ocr_line' id='line_1_41' title="bbox 205 3501 2098 3569; baseline 0.006 -25"><span class='ocrx_word' id='word_1_330' title='bbox 205 3501 337 3545; x_wconf 79' lang='lat' dir='ltr'><strong>animi</strong></span> <span class='ocrx_word' id='word_1_331' title='bbox 374 3505 562 3560; x_wconf 77' lang='lat' dir='ltr'><strong>scripsi.</strong></span> <span class='ocrx_word' id='word_1_332' title='bbox 601 3505 726 3549; x_wconf 83' lang='lat' dir='ltr'><strong>amici</strong></span> <span class='ocrx_word' id='word_1_333' title='bbox 751 3505 864 3550; x_wconf 83' lang='lat' dir='ltr'><strong>libri</strong></span> <span class='ocrx_word' id='word_1_334' title='bbox 969 3518 1053 3550; x_wconf 87' lang='lat' dir='ltr'><strong>uos</strong></span> <span class='ocrx_word' id='word_1_335' title='bbox 1092 3505 1244 3551; x_wconf 81' lang='lat' dir='ltr'><strong>seratis</strong></span> <span class='ocrx_word' id='word_1_336' title='bbox 1284 3509 1354 3553; x_wconf 80' lang='lat' dir='ltr'><strong>ecl.</strong></span> <span class='ocrx_word' id='word_1_337' title='bbox 1387 3523 1467 3567; x_wconf 83' lang='lat' dir='ltr'><strong>pr.</strong></span> <span class='ocrx_word' id='word_1_338' title='bbox 1509 3522 1592 3553; x_wconf 91' lang='lat' dir='ltr'><strong>uos</strong></span> <span class='ocrx_word' id='word_1_339' title='bbox 1633 3507 1817 3553; x_wconf 78' lang='lat' dir='ltr'><strong>fueratis</strong></span> <span class='ocrx_word' id='word_1_340' title='bbox 1852 3509 1966 3555; x_wconf 83' lang='lat' dir='ltr'><strong>libri</strong></span> <span class='ocrx_word' id='word_1_341' title='bbox 1998 3511 2098 3569; x_wconf 81' lang='lat' dir='ltr'><strong>ple·</strong></span> 
     </span>
     <span class='ocr_line' id='line_1_42' title="bbox 206 3572 1571 3629; baseline 0.009 -16"><span class='ocrx_word' id='word_1_342' title='bbox 206 3573 342 3629; x_wconf 81' lang='lat' dir='ltr'><strong>rique</strong></span> <span class='ocrx_word' id='word_1_343' title='bbox 381 3585 470 3616; x_wconf 89' lang='grc'><strong>11011</strong></span> <span class='ocrx_word' id='word_1_344' title='bbox 509 3572 734 3618; x_wconf 80' lang='lat' dir='ltr'><strong>fueramus</strong></span> <span class='ocrx_word' id='word_1_345' title='bbox 772 3574 933 3620; x_wconf 77' lang='lat' dir='ltr'><strong>Palae.</strong></span> <span class='ocrx_word' id='word_1_346' title='bbox 971 3588 1053 3620; x_wconf 90' lang='lat' dir='ltr'><strong>nos</strong></span> <span class='ocrx_word' id='word_1_347' title='bbox 1092 3575 1283 3622; x_wconf 82' lang='lat' dir='ltr'><strong>feramus</strong></span> <span class='ocrx_word' id='word_1_348' title='bbox 1321 3579 1393 3623; x_wconf 81' lang='lat' dir='ltr'><strong>ecl.</strong></span> <span class='ocrx_word' id='word_1_349' title='bbox 1435 3577 1571 3626; x_wconf 87' lang='lat'>1480</span> 
     </span>
    </p>
   </div>
  </div>
 </body>
</html>
