2294 3844
861 209 1296 254 CoROLLARIVM
1893 211 2031 254 Lxlll

133 347 634 398 commentationem
678 363 723 412 p.
773 347 836 396 1()
877 367 950 414 sq.
993 346 1221 414 legisset.
1295 346 1540 396 Ceterum
1583 347 1720 413 quod
1758 349 1938 411 fitz-iem
1982 353 2030 398 et

135 437 393 484 staturam
436 432 665 484 Lucilius
708 435 843 485 idem
887 435 1122 503 intellegi
1164 434 1350 502 voluit,
1402 434 1556 500 plane
1610 437 1875 486 consentit
1915 455 2029 486 cuin

132 522 352 572 Claudio
410 523 782 591 Quadrigario,
846 542 1000 590 quem
1067 523 1280 573 ‘faciem
1346 541 1440 589 pro
1498 527 1699 573 statura
1766 525 2032 592 totiusque

130 612 363 679 corporis
404 612 569 679 figura
621 611 839 661 dixisse'
892 610 1092 662 Gellius
1133 611 1265 662 XIII
1308 612 1378 662 30
1419 611 1557 679 (251),
1608 613 1635 662 7
1681 618 1875 663 narrat.
1955 615 2030 663 (Ὺ.

132 698 321 750 Pacuv.
362 701 482 752 254.

275 788 432 856 Apud
473 788 688 840 Festum
729 807 776 856 p.
819 789 924 840 313
965 787 1033 840 Μ.
1077 806 1113 840 s.
1155 806 1199 840 v.
1240 793 1430 841 struere
1471 807 1603 856 quae
1646 789 1893 857 leguntur
1935 790 2030 840 ‘ali

130 877 351 944 gradum
387 895 600 947 augere,
642 878 710 928 ali
744 878 995 929 minuere.
1036 896 1095 930 (cc
1126 880 1219 930 uias·
1242 879 1417 944 pedem
1444 879 1567 944 pedi
1591 878 1841 944 praefert,
1883 880 2032 929 olimst>

130 967 187 1027 it,
242 969 550 1017 remoratnr’
603 967 773 1035 recepi
822 967 1033 1034 quidem
1084 967 1207 1017 olim
1263 967 1401 1017 inter
1440 966 1689 1033 palliatae
1731 968 2029 1033 fragmenta

128 1054 329 1104 incerta
387 1054 540 1122 (XVI
598 1075 638 1106 v.
689 1056 758 1107 20
807 1055 927 1123 sq),
985 1056 1074 1107 sed
1132 1059 1189 1106 ut
1245 1056 1435 1106 litteris
1493 1074 1552 1106 (tc
1607 1056 1686 1105 vel
1742 1055 1895 1105 Atiae
1952 1056 2026 1104 vel

126 1143 272 1193 Accii
304 1162 498 1194 nomen
540 1145 760 1196 indicari
802 1164 955 1212 posse
991 1144 1356 1212 significarem.
1405 1144 1483 1195 Ac
1517 1148 1693 1210 potest
1726 1160 1851 1193 sano
1893 1143 2027 1209 quod

128 1232 364 1299 sequitur
419 1233 732 1284 vocabulum
794 1235 882 1284 uia:
936 1233 1174 1285 hausisse
1234 1233 1488 1301 reliquam
1546 1233 1734 1283 Accius
1796 1231 2027 1282 nominis

126 1325 345 1386 partein.
426 1323 576 1382 Quod
623 1323 677 1373 in
719 1341 870 1373 versu
913 1323 1019 1373 sive
1070 1322 1422 1373 omittendum
1466 1322 1572 1372 sive
1625 1320 2024 1387 relinquendum

125 1413 225 1475 est,
267 1410 464 1460 lentam
506 1415 557 1461 et
607 1412 1032 1462 cunctabundam
1082 1411 1227 1462 ducis
1269 1430 1329 1462 ex
1378 1427 1557 1478 pugna
1608 1412 1788 1475 fugam
1839 1408 2026 1459 descri-

126 1498 259 1548 bunt
298 1499 378 1549 vel
420 1499 633 1550 bacchei

1144 1588 1295 1658 (uix)
1343 1589 1558 1656 pedem

425 1676 575 1744 pedi
610 1677 991 1746 praestruit,
1033 1678 1237 1729 otiose
1279 1678 1348 1745 it,
1389 1676 1745 1728 remoratur

428 1767 733 1834 [gradum]

123 1854 203 1905 vel
245 1856 576 1922 septenarius
615 1855 938 1906 trochaicus:

344 1945 629 2011 praestruit
668 1944 854 2011 pedem
896 1944 1038 2011 pedi,
1080 1944 1246 1995 otiose
1279 1946 1342 2012 it,
1383 1947 1679 1995 remoratur
1718 1942 1953 2011 gradum.

124 2032 266 2082 Talis
308 2034 448 2083 enim
498 2033 638 2100 apud
678 2031 972 2084 Homerum
1014 2032 1072 2083 Il.
1115 2033 1164 2080 A
1203 2033 1309 2083 546
1352 2052 1462 2100 sqq.
1513 2033 1650 2083 Aiax
1679 2052 1689 2082 :
1716 2030 1915 2096 τρέσσε
1966 2028 2023 2080 ὀὶ

123 2117 410 2186 παπτήνας
458 2117 541 2186 ἐφ’
581 2117 806 2185 ὁμίλου,
856 2117 991 2184 θηρὶ
1038 2116 1260 2183 ἐοικώς,
1311 2116 2025 2184 Ἐντροπαλιζόμενος,

123 2201 361 2270 ὀλίγον
418 2204 584 2270 γόνυ
639 2201 888 2271 γουνὸς
947 2199 1246 2269 ἀμείβων
1300 2210 1351 2256 et
1405 2210 1527 2273 post
1589 2205 1818 2272 lepidam
1882 2205 2025 2254 illam

123 2294 258 2345 asini
298 2295 564 2362 pascentis
605 2295 892 2363 imaginem
920 2311 963 2343 v.
991 2292 1097 2344 565
1134 2293 1273 2350 Αἴας
1312 2289 1367 2341 δ’
1396 2290 1597 2342 ἄλλοτε
1634 2290 1737 2358 μὲν
1774 2289 2023 2356 μνησάσ-

122 2398 249 2432 κετο
276 2380 548 2445 θούριδος
585 2378 756 2449 ἀλκῆς
782 2372 956 2439 Αὗτις
991 2375 1403 2445 ὑποστρεφθείς
1433 2421 1441 2429 .
1471 2418 1480 2427 .
1512 2420 1520 2428 .
1564 2374 1651 2429 ὁτὲ
1679 2377 1739 2428 δὲ
1766 2378 2027 2445 τρωπάσ-

123 2484 248 2517 κετο
298 2465 546 2532 φεύγειν.
631 2469 777 2537 Ergo
826 2469 1050 2520 fortasse
1106 2467 1160 2517 in
1208 2464 1645 2533 Epmcmsimachc
1701 2466 1791 2516 illa
1846 2484 2024 2516 narra-

123 2557 330 2608 bantur.
410 2556 744 2626 Quamquam
792 2557 1054 2609 translato
1104 2574 1345 2606 sermone
1395 2575 1424 2606 a
1482 2554 1619 2605 bello
1673 2554 1737 2604 ad
1789 2555 1923 2605 servi
1971 2555 2025 2603 in

122 2646 395 2701 comoedia
434 2646 708 2697 machinas
750 2650 802 2696 et
848 2644 1082 2712 pericula
1123 2644 1283 2695 etiam
1325 2644 1460 2710 eius,
1509 2643 1598 2710 qui
1638 2642 2026 2694 circumventus

120 2735 280 2785 minis
327 2735 662 2786 inimicorum
710 2734 1090 2802 pedetemptim
1117 2733 1185 2787 ,111
1225 2733 1407 2800 fugam
1450 2750 1502 2782 se
1542 2731 1818 2799 reciperet,
1866 2731 2022 2799 tergi-

122 2824 349 2874 versatio
389 2824 483 2874 tali
524 2825 682 2876 modo
722 2823 897 2891 potuit
937 2822 1253 2873 adumbrari.

268 2911 415 2962 Accii
454 2930 635 2963 versus
680 2913 796 2963 181.
837 2911 958 2962 528.
999 2911 1120 2962 584.
1161 2910 1263 2961 651
1307 2928 1355 2977 p.
1396 2907 1546 2976 XXI,
1598 2909 1703 2960 238
1745 2927 1793 2975 p.
1834 2905 2023 2972 XLVI,

123 3000 227 3051 349
268 3018 316 3067 p.
356 2997 524 3066 XLV,
565 3000 671 3051 374
711 3003 764 3050 et
801 3000 905 3051 461
948 3017 997 3066 p.
1038 2997 1312 3065 LXXVII,
1353 2999 1452 3049 (501
1498 3016 1546 3064 p.
1587 2995 1706 3047 LXI
1747 2996 1913 3063 tetigi.

266 3087 324 3139 P.
365 3089 469 3140 228
510 3087 566 3138 111
605 3086 760 3138 Marii
800 3086 1065 3139 Victorini
1115 3087 1177 3137 de
1221 3086 1477 3138 Tecmessa
1517 3086 1631 3136 loco
1674 3085 2023 3150 trayocdiav

122 3178 263 3229 volui
304 3177 610 3246 genetivum
650 3175 833 3227 haberi
873 3175 1073 3227 leniore
1115 3178 1379 3227 structura
1421 3191 1578 3241 quam
1613 3173 1657 3223 si
1696 3172 1924 3224 dicebant
1963 3213 1971 3221 .
2012 3214 2018 3221 .

125 3266 407 3332 trayoeclz'ae
445 3264 812 3333 coniungatur.

269 3352 327 3404 P.
367 3353 471 3404 229
539 3352 758 3423 ,VARII
798 3353 897 3404 inc.
937 3352 1041 3404 fab.
1083 3350 1107 3403 I
1157 3350 1295 3420 quod
1336 3354 1458 3419 post
1496 3367 1540 3401 v.
1582 3349 1615 3399 5
1663 3351 1836 3398 motus
1876 3346 2021 3397 chori

124 3444 565 3492 commemoratos
613 3440 775 3492 fuisse
824 3441 986 3492 statui
1033 3441 1274 3492 firmatur
1320 3439 1493 3490 verbis
1545 3435 1700 3487 Marii
1741 3434 2019 3501 Victorini,

123 3529 212 3594 qui
259 3528 506 3594 strophae
554 3532 606 3578 et
655 3529 976 3595 antistrophi
1025 3529 1079 3580 in
1119 3528 1340 3580 choricis
1389 3523 1709 3576 carminibus
1757 3522 2012 3590 originem
