2299 3803
174 154 275 204 943
578 152 658 192 EX
695 150 971 191 th¹Ewl¹ls
1007 147 1397 190 lNGElt'roltVM
1433 147 1685 189 FABVLIS

1009 277 1244 330 XLVIII

324 380 381 432 ‘O
422 398 616 448 parens
658 376 876 446 antiqua
922 377 1137 428 nostrae
1180 375 1379 445 gemm,
1419 374 1685 444 Argiuum
1725 374 1903 426 decus!

783 494 958 547 XLIX
1003 492 1148 563 (Pac.
1190 493 1347 545 Teuc.
1389 489 1482 561 21)

1030 597 1232 649 Teucer

796 695 969 763 putria¹
1012 696 1114 762 cst,
1153 694 1473 762 ubicumque
1516 694 1595 745 est
1635 693 1785 744 bene.

833 814 875 864 L
918 811 1082 882 (Eun.
1126 797 1326 864 Telum.
1367 810 1425 882 9)

323 910 518 964 Hicine
566 911 653 961 ille
704 913 781 961 est
833 910 1074 978 Telamo,
1130 909 1287 962 modo
1339 927 1495 977 quem
1545 908 1716 978 gloria.
1767 908 1833 959 ad
1882 908 2087 960 caelum

1513 1004 1724 1073 extulit,

329 1103 497 1165 Quem
546 1103 919 1172 aispectabant,
975 1101 1125 1155 cuius
1175 1102 1242 1154 ob
1293 1120 1350 1155 os
1400 1100 1526 1153 Grai
1583 1102 1676 1153 ora
1732 1100 2089 1153 obuertebzint

1510 1198 1644 1250 sua?

1264 1295 1292 1325 ’.ἐς

212 1395 282 1446 95
912 1392 1067 1444 simu]
1111 1392 1322 1444 {inimus
1364 1410 1483 1444 cum
1523 1410 1578 1443 re
1621 1391 1867 1444 concidit.

1012 1510 1084 1562 LI
1125 1508 1246 1582 (58)

326 1607 472 1669 Quae
513 1607 625 1658 111111
665 1606 920 1658 terribilis
968 1610 1060 1659 tua
1108 1610 1328 1675 pectora
1374 1608 1580 1676 turbzit,
1627 1609 1858 1660 terrifico
1910 1609 2090 1660 sonitu

1515 1705 1747 1773 inpulit?

316 1867 513 1908 XLVIII
544 1866 772 1907 Analecta
804 1867 1102 1918 grammatica
1134 1868 1404 1909 Endlicheri
1437 1868 1481 1908 11
1513 1869 1594 1908 517
1644 1871 1655 1890 ‘
1676 1867 1898 1909 diuiditur
1939 1873 2092 1909 autem

179 1928 493 1966 tetrametrum
535 1923 821 1964 trochaicum
862 1924 1184 1965 catalecticum
1224 1925 1271 1965 in
1305 1928 1501 1977 quatuor
1533 1938 1704 1977 genera
1736 1925 1850 1966 haec
1887 1957 1896 1966 .
1924 1957 1967 1967 ..
2001 1931 2093 1966 tra-

176 1983 349 2034 gicum,
386 1981 503 2031 quod
536 1980 692 2032 plnres
723 1980 940 2032 spondios
970 1981 1142 2021 habeat
1178 1985 1223 2020 et
1256 1982 1315 2022 sit
1345 1981 1533 2021 elatius:
1567 1995 1591 2022 o
1625 1985 1819 2034 parens’
1854 1995 1892 2022 e.
1917 1995 1958 2035 q.
1983 1994 2018 2022 s.

175 2037 327 2078 XLIX
360 2037 521 2077 Cicero
553 2037 689 2076 Tusc.
714 2037 829 2089 disp.
854 2038 892 2078 V
914 2039 982 2086 37,
1008 2039 1087 2078 108
1122 2039 1309 2090 ‘itaque
1344 2037 1401 2078 ad
1431 2051 1607 2078 omnem
1630 2039 1852 2079 rationem
1884 2039 2093 2080 Teucri

183 2108 282 2135 uox
314 2093 648 2133 accommodari
679 2097 851 2145 potest:
885 2095 1104 2146 patria’
1139 2108 1176 2134 e.
1211 2108 1252 2147 q.
1286 2108 1322 2137 s,
1365 2094 1594 2135 Publilius
1629 2095 1769 2147 Syrus
1803 2097 1899 2137 545.
1930 2096 2012 2138 685
2035 2097 2089 2136 R.

177 2150 281 2203 (635
317 2147 438 2205 [281]
477 2150 533 2189 de
565 2163 673 2189 mor.
706 2153 759 2190 43
785 2151 856 2197 W)
897 2150 1096 2191 Pacuuii
1125 2151 1302 2192 Teucro
1336 2151 1541 2191 tribuere
1574 2164 1704 2192 nemo
1737 2151 1938 2193 dubitat.

176 2209 213 2247 L
247 2207 411 2247 Cicero
441 2207 577 2248 Tusc.
612 2205 726 2259 disp.
751 2207 821 2247 111
855 2208 928 2258 18,
961 2209 1015 2248 39
1049 2208 1175 2259 ‘quid
1210 2210 1350 2260 ergo?
1383 2208 1576 2248 huiusne
1609 2209 1732 2248 uitae
1765 2209 2016 2262 propositio
2048 2213 2094 2249 et

182 2264 405 2315 cogitatio
438 2270 517 2303 aut
550 2263 800 2315 Thyestem
831 2262 990 2304 leuare
1024 2265 1196 2316 poterit
1227 2271 1307 2304 aut
1338 2264 1554 2314 Aeetam,
1596 2264 1650 2305 de
1693 2278 1780 2317 quo
1812 2266 1950 2319 paulo
1983 2270 2089 2306 ante

179 2320 298 2368 dixi,
342 2327 421 2360 aut
452 2319 799 2360 Telamonem
839 2320 1054 2372 pulsum
1094 2323 1307 2373 patria,
1352 2321 1670 2362 exulantem
1713 2325 1882 2373 atque
1923 2335 2090 2374 egen-

178 2382 309 2428 tem,
343 2377 391 2416 in
425 2389 511 2429 quo
544 2376 659 2415 haec
693 2376 937 2416 admiratio
959 2376 1120 2417 fiebat:
1154 2378 1344 2418 hicine
1377 2382 1461 2418 est
1492 2377 1590 2418 ille
1718 2379 2094 2420 obuertebant

185 2436 315 2473 sua?
370 2432 489 2485 quod
531 2433 698 2483 sicui,
739 2437 790 2473 ut
830 2433 896 2473 ait
927 2433 1067 2481 idem,
1110 2435 1273 2474 simul
1315 2435 1529 2474 animus
1568 2447 1682 2474 cum
1721 2448 1777 2475 re
1816 2435 2092 2487 concidit,

182 2503 207 2528 a
241 2490 459 2542 grauibus
491 2489 585 2529 illis
617 2489 820 2540 antiquis
860 2489 1143 2541 philosophis
1183 2491 1383 2543 petenda
1415 2490 1642 2531 medicina
1675 2496 1766 2542 est,
1805 2504 1896 2532 non
1935 2493 1992 2534 ab
2023 2492 2094 2533 his

178 2545 488 2598 uoluptariis.'
540 2545 667 2585 Idem
700 2545 759 2585 ad
790 2546 895 2586 fam.
917 2545 981 2584 IX
1004 2548 1056 2585 26
1090 2547 1165 2585 ‘in
1199 2560 1251 2586 eo
1283 2546 1447 2599 igitur,
1479 2547 1654 2599 inquis,
1688 2549 1900 2589 conuiuio
1929 2548 2092 2590 Cicero

179 2602 258 2642 ille
295 2599 451 2655 [94]?’
495 2601 723 2653 Eurysaci
751 2601 865 2641 Attii
896 2602 1132 2643 uindicare
1172 2603 1328 2643 studui
1373 2604 1421 2642 in
1462 2608 1637 2656 quaest.
1678 2617 1802 2647 scen.
1836 2618 1877 2657 p.
1910 2607 1992 2646 329
2025 2618 2091 2659 sq.

295 2658 543 2698 LI-LIII
576 2658 852 2698 Censorinus
883 2658 1048 2711 fragm.
1082 2673 1119 2700 c.
1156 2661 1208 2699 14
1240 2673 1282 2713 p.
1315 2660 1369 2700 96
1401 2660 1530 2700 Iahn.
1563 2659 1690 2711 (2726
1721 2659 1793 2713 P.)
1834 2661 2094 2702 ‘Aristobo-

170 2714 270 2756 lius
318 2712 439 2768 [LIJ.
502 2714 576 2755 hic
619 2715 838 2755 circuitus
877 2716 1025 2767 magis
1073 2729 1205 2767 quam
1244 2729 1402 2757 uersus
1441 2720 1522 2757 est.
1591 2718 1841 2770 Dactylum
1886 2718 2095 2760 crebrum

289 2879 351 2924 03
390 2879 536 2924 hicine
576 2879 755 2936 Brzcoe„
784 2880 1043 2925 Lambinus
1081 2880 1263 2925 haccine
1290 2882 1409 2941 Rey.
1440 2881 1558 2927 Gud.
1587 2881 1712 2927 Pz'llz.
1754 2882 1926 2928 hichne
1952 2885 2092 2944 uulyo

287 2949 360 2994 ille
400 2956 467 2993 est
503 2950 682 2995 Telamo
714 2950 986 3009 Geppertus
1022 2953 1053 2996 2.
1089 2953 1121 2996 l.
1155 2950 1253 2996 114
1293 2959 1362 2997 cst
1399 2951 1474 2996 ille
1513 2951 1691 2997 Telamo
1722 2954 1869 2998 Rern.
1911 2960 1980 2998 est
2016 2954 2093 2999 ille

182 3019 394 3065 Telamon
431 3022 544 3066 libri
569 3024 748 3078 optimi,
791 3022 917 3080 quod
954 3027 1114 3066 tuetur
1152 3022 1517 3082 Wesenberqizcs
1556 3024 1620 3067 cccl
1649 3024 1789 3069 Tzcsc.
1816 3024 1846 3069 I
1869 3022 1962 3082 49,
1992 3024 2090 3070 116

181 3097 250 3136 est
276 3089 456 3134 Telamo
485 3091 558 3135 ille
586 3093 669 3136 alii
776 3090 841 3137 94
881 3091 1159 3152 aspectabam
1187 3092 1314 3138 Med.
1344 3096 1478 3151 epist.
1591 3092 1689 3138 Grai
1719 3108 1795 3138 ora
1824 3095 1941 3154 Rey.
1971 3095 2089 3140 Gud.

182 3162 342 3205 Brux.
371 3161 495 3206 Pz'tlz.
538 3160 637 3206 Grai
677 3162 771 3207 lora
798 3162 921 3208 Med.
953 3166 1089 3221 epist.
1131 3162 1249 3207 Graii
1289 3176 1367 3208 ora
1406 3166 1544 3224 uulyo
1573 3163 1674 3222 Graj
1717 3178 1795 3208 ora
1823 3165 2093 3211 Lachman-
2123 3155 2126 3159 ⁴

183 3246 273 3277 nus
311 3235 357 3277 in
397 3232 541 3278 Lucr.
577 3247 629 3290 p.
662 3231 760 3279 163
908 3233 971 3278 95
1013 3248 1111 3278 cum
1149 3247 1198 3277 rc
1237 3233 1431 3279 concidit
1466 3235 1580 3279 le'brz’
1613 3236 1904 3292 decembres,
1948 3235 2091 3281 Benc-

183 3305 302 3347 {vius
342 3316 387 3347 rc
428 3302 621 3347 concidit
653 3303 797 3348 Bern.
839 3307 885 3348 2⁶72
926 3318 1032 3363 my„
1076 3304 1233 3349 Mccrb.
1275 3318 1366 3348 rem
1405 3304 1605 3350 condidit
1632 3305 1747 3364 Rey.
1779 3305 1897 3350 Gud.
1928 3305 2091 3352 Brux.

185 3373 308 3417 I’illz.
459 3373 523 3419 96
565 3387 675 3432 quac
716 3379 803 3418 tarn
845 3374 1045 3419 Botlzius
1086 3374 1418 3434 (Intellessencla
1460 3388 1546 3419 uox
1587 3374 1672 3432 est)
1721 3374 1933 3434 quaedam
1981 3378 2094 3422 libri

293 3451 366 3487 tua
405 3439 611 3504 pectora]
660 3445 764 3501 trIa,
818 3460 905 3490 om.
956 3452 1164 3504 pectora,
1206 3445 1379 3490 Gorlic.
1519 3444 1699 3489 turbans
1741 3444 1990 3504 Heinsius,
2037 3447 2088 3492 0.

189 3513 388 3558 Iahnius
471 3513 656 3558 terribili
696 3551 704 3561 .
732 3551 739 3560 .
766 3551 775 3561 .
815 3513 943 3560 turba
971 3522 1015 3560 ct
1041 3516 1323 3561 IIztllscleius
1398 3514 1640 3561 terrificum
1668 3516 1865 3561 sonitum
1894 3517 2091 3566 Botlce'us
