2294 3844
963 271 1024 310 M.
1058 268 1356 310 PACVVIVS
2018 263 2113 314 127

1001 398 1161 451 XVII
1203 396 1324 468 (14)

358 497 663 568 Aggrediar
704 499 822 547 astu
867 496 998 546 rem:
1041 495 1501 546 manticulandum
1543 496 1624 545 cst
1664 494 1809 544 mihi.

988 606 1177 660 XVIII
1220 604 1339 677 (15)

1079 704 1384 755 machinam
1425 700 1618 753 ordiris
1658 720 1872 753 nouam.

209 802 316 855 380
357 799 653 853 Manticula

487 897 498 908 '
1018 910 1148 962 XIX
1192 908 1312 980 (42)

359 1009 532 1071 Quom
574 1009 730 1060 deum
769 1009 1096 1076 triportenta

903 1111 1006 1163 XX
1049 1111 1158 1182 (35.
1199 1111 1322 1163 Dul.
1363 1109 1421 1181 9)

360 1209 506 1262 Voce
549 1210 856 1279 suppressa,
897 1210 1084 1260 striato
1128 1208 1329 1277 fronte,
1369 1208 1522 1259 uultu
1562 1206 1777 1275 turgido

212 1372 595 1414 iuraiuranda.
639 1372 833 1413 Plautus
864 1372 950 1412 hoc
982 1369 1243 1424 significare
1275 1370 1482 1421 uidetur,
1525 1370 1686 1422 quibus
1720 1368 1923 1421 quotidie
1950 1380 2119 1420 paruae

211 1443 358 1470 noxae
383 1433 729 1482 extergeantur,
764 1430 979 1482 frequens
1004 1429 1123 1468 enim
1145 1427 1348 1479 antiquis
1371 1427 1427 1466 ad
1450 1439 1609 1466 manus
1632 1425 1881 1478 tergendas
1904 1437 2009 1464 usus
2034 1424 2121 1463 fuit

212 1486 551 1530 mantelorum)
583 1486 718 1526 Pauli
741 1486 909 1526 Festus
940 1499 986 1538 p.
1011 1487 1088 1525 132
1112 1485 1171 1524 M.
1207 1483 1598 1523 ‘manticulari
1630 1483 1858 1532 dicuntur,
1892 1481 1970 1534 qui
1999 1494 2121 1520 man-

210 1543 378 1583 ticulas
409 1547 674 1590 attrectant,
706 1547 757 1583 ut
790 1543 1017 1583 furentur.
1049 1540 1176 1582 Vnde
1207 1544 1371 1594 poetae
1403 1554 1482 1593 pro
1507 1539 1662 1580 dolose
1696 1538 1804 1591 quid
1838 1538 2014 1591 agendo
2037 1538 2121 1577 hoc

212 1601 354 1641 uerbo
386 1603 590 1644 utuntur,
623 1600 930 1640 Pacuuius:
973 1598 1038 1639 ad
1077 1596 1566 1638 manticulandum
1607 1600 1731 1636 astu
1771 1594 2119 1648 adgreditur.

210 1656 620 1697 Manticularia
643 1656 858 1697 dicuntur
875 1669 930 1696 ea
949 1667 1063 1708 quae
1083 1654 1350 1707 frequenter
1366 1654 1411 1693 in
1428 1666 1513 1694 usu
1529 1654 1758 1693 habentur
1778 1656 1823 1692 et
1840 1652 1969 1704 quasi
1988 1664 2120 1690 manu

212 1717 482 1754 tractantur.
515 1714 751 1765 Frequens
775 1713 894 1753 enim
922 1712 1125 1765 antiquis
1157 1710 1215 1751 ad
1238 1723 1397 1750 manus
1420 1709 1668 1763 tergendas
1696 1721 1802 1749 usus
1836 1708 1922 1747 fuit
1950 1711 2122 1747 mante-

212 1769 369 1821 lorum,
402 1770 522 1810 unde
556 1770 672 1810 haec
708 1769 904 1810 trahitur
935 1767 1221 1810 similitudo.’
1286 1767 1655 1817 (0Macl1inam
1688 1765 1894 1806 ordiris
1927 1777 2121 1804 nouam

212 1826 644 1866 Manticulatam
679 1830 828 1878 astu,
871 1827 1154 1866 sanctiora
1188 1825 1370 1864 adicis
1403 1846 1452 1851 —
1485 1824 1526 1863 h.
1562 1837 1599 1865 e.
1633 1823 1783 1875 adigis
1814 1845 1867 1849 ——
1899 1821 2122 1861 Iuraiu-

215 1882 399 1922 randa.
424 1883 614 1923 Planius
636 1883 721 1922 hoc
744 1882 1004 1935 significare
1027 1882 1232 1921 uidetur:
1268 1882 1467 1934 quibus
1499 1879 1748 1932 quotidie
1782 1879 1996 1918 Paruae
2029 1890 2122 1917 no-

214 1953 315 1979 xae
351 1941 777 1991 extergeantur'
820 1939 1045 1992 Scaliger,
1081 1938 1211 1990 quasi
1234 1937 1314 1977 illa
1337 1938 1489 1977 omnia
1511 1937 1779 1978 Pacuuiana
1801 1935 1903 1977 sint.
1939 1935 1990 1973 M.
2015 1948 2055 1977 o,
2079 1947 2121 1973 n.

214 1996 540 2036 Manticula
572 2000 722 2045 astu,
757 2000 955 2035 sancta
987 2008 1075 2036 ore
1101 1995 1264 2035 adice
1288 1993 1623 2034 iuraiurand
1640 2007 1666 2032 a
1687 1992 1894 2041 Bothius,
1920 1994 2123 2031 extrema

214 2056 424 2105 spectare
457 2052 512 2092 ad
535 2051 688 2091 Plauti
712 2053 842 2104 Capt.
865 2052 934 2093 III
957 2054 998 2103 3,
1022 2053 1046 2091 6
1070 2056 1293 2093 statuens.
1336 2052 1450 2091 Post
1482 2064 1521 2089 m
1537 2049 1792 2089 anticula
1825 2049 2016 2101 periisse
2048 2061 2119 2087 ex-

217 2109 405 2149 tremam
440 2112 617 2162 partem
649 2108 833 2148 articuli
864 2107 1212 2148 manticularum
1248 2113 1292 2147 et
1322 2106 1778 2160 primanrsequentss
1810 2105 1865 2144 de
1898 2105 2122 2144 manticu-

215 2165 388 2206 laribus
428 2170 586 2206 censet
625 2166 676 2208 Ο.
708 2164 976 2214 Muellerus,
1019 2165 1095 2216 qui
1136 2167 1292 2204 cetera
1332 2164 1397 2203 sic
1436 2162 1704 2215 refingenda
1742 2162 1934 2202 conicit:
1982 2161 2123 2200 haec

215 2222 626 2262 manticularia
667 2226 833 2275 putas
871 2221 1013 2261 uilia
1055 2226 1106 2260 ct
1146 2220 1466 2273 promiscua
1504 2223 1682 2259 tactu:
1730 2231 1795 2258 an
1835 2218 2122 2258 sanctiora

219 2278 371 2319 dicis
402 2279 813 2319 iuraiuranda‘?
866 2277 1044 2318 Deinde
1077 2280 1239 2317 iterum
1275 2277 1487 2317 lacunam
1527 2277 1669 2328 ponit.
1729 2274 1857 2325 Quod
1890 2274 1929 2315 si
1959 2273 2121 2327 proba-

214 2334 370 2375 biliter
391 2336 575 2388 statuit,
610 2335 664 2375 de
687 2335 928 2375 uerborum
951 2338 1108 2374 tactu
1140 2347 1205 2373 an
1246 2333 1544 2373 sanctiora
1577 2332 1722 2371 dicis
1759 2329 2125 2370 iuraiuranda

217 2396 403 2433 auctore
437 2393 616 2432 incerta
647 2405 719 2432 res
751 2396 835 2432 est.
892 2391 1065 2431 Contra
1098 2404 1197 2431 cum
1230 2390 1396 2430 Bothio
1435 2388 1742 2429 Buechelerus
1781 2387 1990 2427 lacunam
2022 2389 2125 2439 post

217 2448 593 2489 iuraiuranda
632 2452 840 2488 statuens
878 2450 1032 2500 priora
1071 2449 1137 2487 sic
1179 2447 1466 2487 conformata
1503 2459 1559 2485 m.
1600 2459 1638 2485 o.
1679 2457 1878 2484 nouam
1918 2443 2123 2483 Manti-

217 2505 409 2546 culata
459 2519 524 2546 an
573 2506 866 2545 sanctiora
905 2504 1275 2544 iuraiuranda
1316 2503 1505 2543 adicis
1555 2501 1604 2554 (i.
1646 2515 1684 2542 e.
1730 2500 1876 2553 addis)
1925 2500 2125 2540 Pacuuio

217 2562 463 2602 tribuenda
496 2562 691 2612 censet.)
743 2562 812 2602 Cf.
844 2561 1023 2601 Placidi
1056 2561 1210 2613 glossa
1241 2559 1309 2613 (A.
1341 2561 1436 2600 Mai
1469 2558 1603 2600 class.
1637 2562 1756 2601 auct.
1787 2558 1855 2598 III
1887 2555 1990 2608 432)
2033 2555 2125 2596 ‘ad

217 2618 714 2666 manticulandum,
746 2618 803 2658 ad
837 2618 985 2658 dolum
1018 2622 1064 2658 et
1085 2617 1299 2670 strophas
1327 2616 1717 2669 excogitandum)
1750 2619 1798 2654 et
1819 2612 2125 2654 Hildebrandi

218 2674 355 2728 gloss,
387 2676 490 2716 Lat.
535 2689 576 2728 p.
610 2677 705 2715 149.
737 2677 834 2715 204.
968 2674 1076 2714 XIX
1107 2675 1251 2715 Varro
1286 2672 1344 2713 'de
1385 2673 1411 2713 1.
1446 2674 1496 2712 L.
1529 2672 1615 2713 VII
1655 2673 1708 2712 59
1738 2671 1799 2713 M.
1846 2671 2124 2710 ‘Pacuuium

218 2744 351 2784 quom
384 2733 425 2772 d.
457 2736 488 2772 t.
522 2732 575 2771 In
605 2725 858 2772 Mercatore
899 2762 908 2772 .
935 2763 943 2770 .
971 2735 1005 2770 .’
1182 2730 1264 2770 XX
1295 2730 1409 2770 Non.
1443 2731 1548 2777 204,
1589 2731 1642 2769 30
1683 2728 1956 2767 ‘frontem
1996 2726 2126 2766 femi-

217 2790 325 2828 nino
366 2801 529 2842 genere
563 2788 792 2842 Vergilius
833 2819 843 2829 .
869 2819 878 2828 .
905 2819 915 2829 .
961 2787 1214 2828 masculino
1254 2787 1454 2827 Titinius
1491 2816 1501 2826 .
1529 2817 1538 2826 .
1565 2817 1574 2826 .
1612 2785 1831 2824 feminino
1869 2784 2122 2823 Pacuuius:

219 2847 359 2885 uoce'
392 2859 430 2885 e.
464 2858 505 2897 q.
540 2857 574 2884 s.
627 2845 773 2884 ‘Cato
804 2877 811 2884 .
841 2876 851 2886 .
877 2875 887 2885 .
926 2845 1078 2884 fronte
1111 2844 1246 2894 longo
1285 2874 1294 2883 .
1323 2874 1332 2882 .
1359 2874 1367 2882 .
1404 2841 1634 2882 Caecilius
1671 2872 1680 2881 .
1708 2872 1717 2880 .
1745 2871 1755 2880 .
1795 2841 1945 2880 fronte
1977 2839 2125 2879 hilaro

226 2905 319 2941 ...’
353 2901 654 2949 (feminino
688 2901 773 2943 del.
807 2900 1058 2952 Mercerus)
1092 2902 1158 2939 Ex
1188 2900 1407 2939 Varronis
1438 2899 1490 2939 (le
1524 2898 1550 2937 l.
1584 2899 1635 2938 L.
1657 2898 1745 2938 VII
1778 2899 1857 2937 107
1881 2897 1941 2936 Μ.
1975 2895 2127 2947 glossa

220 2959 312 3007 (‘in
344 2958 482 2998 Dolo:
516 2963 756 3010 caperrata
787 2958 984 3009 fronte’)
1016 2957 1210 2997 Pacuuii
1238 2957 1498 2996 memoriam
1531 2954 1706 2994 idoneis
1738 2946 1809 2992 de'
1823 2953 1973 2992 causis
2013 2951 2125 2991 relc-

220 3014 707 3112 ξειιιέζῑὶὲὶέιίιιεηειύε.
750 3015 963 3054 Nostrum
991 3026 1174 3054 uersum
1195 3014 1383 3054 Vossius
1405 3011 1593 3064 adiungi
1612 3010 1759 3050 uoluit
1791 3009 1849 3049 ad
1871 3008 2125 3049 Dulorestis

242 3084 276 3113 r.
468 3103 477 3113 .
2007 3076 2017 3081 “

222 3219 328 3279 quid
366 3233 547 3279 prome,
596 3233 702 3264 erue
741 3220 977 3279 Scaliyer.
1030 3219 1327 3265 Selzeclarum
1367 3221 1656 3277 scripturam
1698 3216 1877 3276 probat
1924 3229 2028 3260 eum
2072 3213 2122 3258 0.

222 3289 456 3335 Muellero
473 3291 816 3336 Laelzmannus
841 3294 887 3335 in
910 3288 1129 3335 Luer.II
1145 3289 1261 3334 547.
1290 3290 1522 3334 Fortasse
1548 3289 1658 3333 scite
1685 3288 1800 3331 enim
1819 3285 1923 3346 quid
1945 3298 2125 3344 promp-

222 3361 333 3404 serit
367 3363 561 3419 scripsit
693 3361 793 3407 378
833 3360 1070 3421 aggrediar
1107 3367 1205 3404 astu
1244 3373 1362 3417 rem,
1400 3373 1456 3403 m.
1495 3373 1535 3403 e.
1574 3373 1632 3402 m.
1671 3357 2010 3402 Lachmannus
2034 3356 2065 3399 l.
2093 3356 2122 3398 l.

225 3442 260 3472 a.
289 3443 328 3475 a.
355 3443 509 3491 regem
537 3445 596 3477 m.
623 3445 662 3476 e.
691 3445 749 3479 m.
778 3431 987 3476 schedae
1025 3430 1183 3475 deinde
1211 3445 1247 3474 a.
1277 3444 1314 3474 a.
1343 3443 1496 3489 regem
1537 3443 1592 3473 m.
1618 3442 1658 3473 e.
1699 3429 1768 3472 hic
1807 3426 1909 3470 mihi
1935 3426 2121 3481 Aldina,

216 3501 447 3556 probauit
486 3501 536 3546 0.
565 3502 845 3548 Muellerus.
887 3500 1160 3561 aggredibor
1199 3507 1297 3544 astu
1333 3514 1511 3559 regem:
1552 3513 1605 3542 1n.
1648 3512 1687 3542 e.
1727 3498 1770 3540 h.
1813 3510 1867 3540 m.
1911 3494 2125 3540 Naelcius

230 3568 405 3626 Opusc.
432 3571 464 3615 I
485 3571 565 3628 90,
600 3573 800 3618 Bolhius
919 3571 1020 3617 382
1059 3572 1220 3615 striato
1247 3571 1564 3629 Kiesslinyius
1591 3570 1711 3613 conl.
1741 3567 1913 3624 Apulei
1935 3571 2120 3610 metam.

225 3639 278 3683 X
309 3638 338 3684 3
386 3641 538 3685 innato
585 3643 698 3687 libri
742 3643 889 3686 inuata
927 3643 1098 3686 Aldina
1146 3648 1345 3700 caperata
1385 3639 1530 3698 (quod
1569 3651 1698 3682 necne
1735 3637 1961 3694 repudio,
2012 3639 2122 3694 quia
