2294 3844
961 197 1401 240 COfflJLLARIVM
1998 199 2137 240 XXIX

231 333 362 384 haec
417 332 578 384 verba
624 332 890 384 Minucius
939 332 1086 383 Felix
1132 332 1219 399 12,
1270 333 1323 382 7:
1376 332 1619 383 ‘desinite
1676 334 1799 383 caeli
1846 333 2032 399 playas·
2088 337 2137 383 et

232 421 416 472 mundi
463 420 577 472 fata
625 424 677 472 et
726 425 927 472 secreta
975 424 1147 472 terrae
1201 421 1419 471 rimari.-
1479 421 1607 471 satis
1665 425 1744 472 est
1789 439 1887 486 pro
1926 422 2140 487 pedibus·

231 511 496 577 aspe'cere',
548 510 605 560 in
653 510 844 577 quibus
892 509 1022 560 illud
1079 513 1240 560 terrac
1288 509 1545 559 omissum
1602 511 1657 560 in
1711 510 1846 560 libro
1897 509 2138 560 Parisino

234 603 356 650 ante
411 601 651 650 ‘secreta’
702 598 927 649 inseruit
982 596 1131 648 Aem.
1180 596 1460 647 Baehrens
1515 598 1656 648 lectt.
1706 597 1844 648 Latt.
1893 595 2138 666 (Bonnae

237 685 401 757 1871)
443 707 491 755 p.
532 687 625 755 26,
664 688 765 740 sita
803 685 1030 737 fortasse
1072 688 1195 753 post
1226 685 1440 751 pedibus
1481 685 1836 736 inserendum.
1904 686 2134 736 Noenum

231 776 459 827 formam
494 775 806 827 Trinummo
841 791 1050 843 quoque
1084 772 1262 824 Plauti
1296 774 1680 825 restituendam
1723 792 1911 826 censeo
1944 774 1999 824 in
2039 774 2138 825 hoc

233 883 279 916 v.
322 864 449 916 351:

314 953 455 1020 quod
494 952 693 1004 habeas
734 970 800 1003 ne
840 951 1063 1020 habeas,
1105 954 1157 1003 et
1195 951 1321 1003 illuc
1363 952 1503 1019 quod
1543 953 1816 1003 noenum
1855 952 2043 1019 habes,

1176 1041 1397 1092 habeas:
1439 1041 1639 1091 malum
1678 1059 1714 1091 e.
1755 1059 1798 1106 q.
1839 1058 1877 1092 s.

230 1129 371 1182 Nam
419 1148 516 1198 pro
564 1130 655 1181 illo
696 1128 850 1181 NON
899 1129 1040 1197 quod
1081 1128 1472 1180 Ambrosianus
1521 1130 1686 1180 habet
1733 1129 1891 1180 ceteri
1933 1128 2139 1179 codices

232 1236 366 1271 mene
425 1236 530 1270 ozon,
583 1221 884 1286 praestant,
946 1219 1001 1268 in
1065 1218 1256 1285 quibus
1313 1218 1579 1286 glossema
1634 1218 1833 1269 frustra
1890 1235 2140 1284 quaerere

233 1309 442 1360 videtur
482 1307 822 1359 Ritschelius.

380 1396 445 1448 V.
479 1396 585 1448 203
627 1396 1023 1447 adlitteratione
1065 1398 1118 1446 et
1159 1395 1404 1463 asyndeti
1445 1395 1619 1446 studio
1661 1394 1928 1446 veteribus
1969 1394 2141 1461 poetis

232 1487 288 1536 in
344 1484 690 1536 concitatiore
748 1484 956 1535 dicendi
1011 1500 1204 1552 genere
1261 1483 1478 1551 proprio
1536 1480 1626 1552 (cf.
1674 1482 1838 1534 Ennii
1896 1502 1939 1533 v.
1990 1484 2020 1533 ὕ
2069 1482 2139 1533 43

238 1574 342 1625 105
383 1573 487 1625 297
532 1573 637 1624 303
680 1570 811 1643 342)
853 1572 1258 1625 commendatur
1299 1572 1540 1623 senarius
1581 1571 1688 1622 hic:
2110 1573 2120 1582 ’
2183 1561 2188 1567 ’

456 1679 590 1729 quae
632 1665 776 1713 1111116
819 1664 945 1712 sunt
984 1662 1078 1713 abs
1118 1664 1171 1712 te
1211 1659 1406 1713 uiduae
1447 1664 1631 1712 uastae
1673 1658 1926 1729 uirgines

381 1750 592 1802 BIedeac
630 1751 792 1802 exulis
831 1750 1020 1802 titulus
1054 1751 1216 1802 semel
1243 1768 1273 1801 a
1304 1749 1504 1817 Probo,
1545 1748 1865 1816 aliquotiens
1899 1766 1929 1797 a
1962 1745 2140 1798 Nonio

232 1839 480 1891 laudatus
515 1851 699 1893 vereor
736 1841 796 1889 ut
819 1837 984 1889 Ennii
1019 1842 1193 1890 aetate
1225 1839 1400 1890 factus
1436 1839 1525 1906 sit,
1566 1856 1670 1906 qua
1703 1835 1903 1888 Graeca
1945 1852 2140 1904 cogno-

234 1929 379 1980 mina
418 1929 502 1979 vel
542 1926 732 1978 Graeci
773 1927 1006 1979 auctoris
1047 1945 1245 1979 nomen
1286 1925 1370 1996 (ut
1402 1926 1628 1979 Achilles
1659 1923 1976 1992 Aristarchi)
2020 1923 2142 1974 addi

236 2017 499 2068 solebant:
571 2016 733 2066 immo
797 2018 859 2066 ut
921 2016 986 2067 ab
1051 2017 1220 2067 altera
1280 2015 1492 2083 Medea,
1562 2033 1720 2082 quam
1783 2013 2137 2065 Atheniensem

235 2105 549 2156 Welckerus
598 2103 700 2154 dici
746 2104 937 2171 voluit,
986 2101 1322 2155 Corinthiam
1367 2103 1424 2153 in
1465 2103 1678 2153 exilium
1728 2105 1901 2153 actam
1950 2100 2139 2151 discer-

234 2198 407 2262 neret,
463 2193 844 2262 grammaticus
901 2192 1115 2259 aliquis,
1179 2191 1268 2258 qui
1324 2189 1489 2241 Ennii
1552 2190 1762 2241 fabulas
1817 2188 2142 2255 recensebat,

233 2285 384 2336 illum
444 2282 632 2334 fecisse
694 2281 917 2333 videtur.
1017 2279 1173 2332 Unus
1237 2279 1528 2331 versiculus
1596 2279 1699 2330 241
1767 2275 1928 2347 (Μ6(1.
1983 2275 2139 2344 XVI)

235 2372 545 2441 ambiguum
586 2372 666 2422 est
712 2373 889 2421 utram
930 2369 995 2420 ad
1034 2367 1279 2420 Medeam
1318 2367 1594 2419 referatur.
1672 2365 2035 2434 Inter-polatus
2081 2382 2140 2414 ac

233 2461 434 2529 passim
482 2460 719 2510 mutatus
775 2458 941 2509 exulis
989 2457 1208 2509 Medeae
1264 2459 1440 2508 textus
1490 2455 1623 2506 sexti
1670 2474 1719 2522 p.
1769 2452 1889 2506 Chr.
1947 2454 2141 2505 saeculi

234 2550 389 2602 initio
439 2545 924 2600 circumferebatur.
1000 2545 1142 2598 Nam
1182 2564 1278 2614 pro
1320 2545 1425 2596 illis
1467 2541 1598 2612 (209
1641 2541 1740 2613 sq.)
1783 2561 1917 2611 quae
1958 2541 2140 2594 Cicero

235 2638 368 2706 legit

640 2723 813 2793 Argo,
857 2723 981 2791 quia
1019 2723 1214 2793 Argiui
1253 2722 1310 2774 1'n
1351 2740 1412 2774 ea
1454 2720 1649 2773 delecti
1686 2722 1788 2773 uiri

640 2810 786 2864 uectl‘
822 2812 1079 2880 petebant
1117 2812 1311 2880 pellem
1352 2813 1654 2863 inauratam
1696 2811 1875 2862 arietis

236 2902 539 2953 Priscianus
579 2901 711 2952 haec
750 2900 975 2968 profert:

646 2988 819 3057 Argo,
859 3007 964 3056 qua
1003 2989 1144 3040 uecti
1182 2985 1376 3057 Argiui
1417 2986 1612 3040 (1616611
1649 2988 1749 3039 uiri

579 3095 587 3098 ’
644 3076 902 3144 petebant
941 3077 1088 3128 illam
1127 3077 1321 3145 pellem
1359 3077 1391 3128 i.
1433 3095 1476 3128 a.

384 3166 450 3219 V.
490 3166 596 3218 239
637 3165 852 3217 11111111111
889 3165 1161 3217 lenissime
1203 3165 1430 3217 correxit
1469 3164 1762 3217 Usenerus:

643 3252 845 3322 inspice
884 3253 1038 3306 hoce
1077 3253 1285 3305 facinus

239 3342 392 3405 Quod
422 3343 480 3394 in
513 3343 783 3410 superiore
824 3361 980 3394 versu
1011 3342 1269 3393 traditum
1303 3344 1384 3393 est
1413 3358 1555 3393 marc
1587 3340 1827 3391 firmatur
1859 3335 2138 3386 Plautinae

240 3431 538 3487 Trinummi
577 3450 622 3483 v.
666 3432 808 3484 1070
849 3435 1020 3483 ‘mare
1069 3434 1212 3482 terra
1251 3431 1479 3498 caelum,
1527 3429 1600 3495 di,
1646 3429 1880 3478 vostram
1929 3423 2137 3489 fidem²3

238 3521 367 3571 item
406 3519 672 3587 Amphitr.
717 3519 872 3572 1055.
