2294 3844
988 204 1295 253 Q.1u<N1vs
2029 207 2095 255 :ae3

818 333 1176 385 lli](*'l'(,)l-{ls
1227 334 1473 385 LVTRA

1053 430 1075 479 Ι
1119 428 1237 497 (17)

193 487 292 611 {23:973
348 522 463 574 Nos
505 526 774 592 quiescere
817 545 1039 593 aequom
1082 531 1197 576 est?
1244 528 1436 577 nonius
1478 506 1632 577 ulmbo
1676 525 1941 596 Vlsx'euni.

278 608 285 611 ⁷
1058 621 1108 671 ΙΙ
1149 620 1231 691 (ὁ)

335 716 534 767 Hector
577 718 629 768 ui
672 717 876 768 summa
919 719 1152 768 urilia'ttos
1193 717 1369 768 educit
1410 720 1577 787 sorus,

191 813 292 862 140
335 811 641 880 Custrssque
685 817 858 864 eastra
899 813 1003 863 ium
1044 814 1184 865 ultro
1225 814 1466 866 conferre.
1509 818 1746 884 occupat.

1033 909 1114 960 III
1157 908 1238 980 (2)

894 1007 950 1057 {it
990 1023 1112 1075 ego,
1154 1008 1493 1076 omnipotens
1523 1006 1801 1080 [Iuppiter]
1815 1053 1828 1078 ,

182 1146 285 1196 306,
320 1146 372 1185 28
404 1145 724 1184 ‘facessere
759 1145 991 1197 siguificat
1023 1148 1276 1189 rece‹lere.'
1324 1149 1425 1188 Huc
1464 1149 1678 1189 uidentur
1710 1150 1953 1190 referenda
1985 1163 2084 1190 esse

181 1213 294 1253 quae
327 1201 447 1253 apud
470 1203 716 1242 Varronem
751 1202 805 1241 de
841 1203 868 1241 l.
899 1203 926 1245 l.
959 1204 1022 1244 VI
1053 1206 1102 1243 61
1139 1205 1196 1243 M.
1228 1205 1460 1257 leguntur:
1506 1207 1652 1246 ‘dico
1693 1208 1911 1258 originem
1946 1207 2087 1246 habet

182 1259 404 1297 Graecam
430 1258 548 1309 quod
572 1257 738 1298 Graeci
761 1253 952 1309 δικάζω.
977 1259 1085 1299 hinc
1108 1261 1342 1301 Ennius:
1377 1261 1497 1302 dico
1521 1263 1626 1314 qui.
1657 1263 1760 1302 hine
1785 1263 1955 1314 dicare,
1979 1263 2089 1302 hinc

182 1313 422 1353 iudica1·e.'
457 1314 644 1354 Conicio
675 1316 892 1366 seriptum
926 1316 1067 1356 fuisse
1102 1317 1224 1356 dieo
1257 1319 1483 1358 uicisse.
1525 1319 1720 1370 Reliqua
1753 1319 1804 1360 O.
1839 1319 2090 1359 Muellerus

179 1371 388 1410 correxit.
440 1371 561 1410 Huic
591 1372 744 1411 uersui
775 1373 1069 1433 praemisisse
1101 1373 1286 1413 uidetur
1316 1374 1490 1413 Ennius
1530 1376 1614 1415 inc.
1650 1388 1766 1414 nom.
1797 1375 1964 1419 XVIII,
2027 1376 2088 1419 cf,

179 1426 396 1478 Aeschyli
435 1427 562 1466 Eum.
605 1429 709 1468 752:
762 1422 884 1480 ἀνὴρ
925 1420 1002 1468 ὅδ’
1043 1423 1339 1483 ἐκπέφευγεν
1380 1429 1580 1482 αἵματος
1622 1430 1783 1484 δίκην.
1834 1424 1959 1472 ’Ἱσον
1998 1426 2089 1484 γάρ

179 1477 276 1523 ἐστι
308 1475 591 1536 τάρίθμημα
630 1482 723 1524 τῶν
754 1480 931 1524 πάλων.
1009 1487 1258 1526 Praeterea
1297 1487 1384 1526 huc
1416 1487 1663 1528 referenda
1705 1493 1811 1528 sunt
1852 1489 1940 1528 inc.
1972 1501 2088 1528 nom.

178 1539 302 1589 XIX,
334 1540 423 1578 inc.
456 1541 542 1582 inc.
577 1541 669 1580 fab.
704 1541 852 1581 LXXI
887 1545 931 1580 et
963 1541 1148 1584 LXXII.

288 1596 528 1636 HEc'roms
569 1597 742 1640 LVTRA,
812 1597 1106 1637 Reddendum
1147 1612 1246 1639 esse
1286 1600 1432 1639 Ennio
1473 1599 1590 1639 hunc
1631 1600 1814 1640 titulum
1859 1601 2089 1652 persuasit

178 1651 402 1704 Bergkius
436 1666 540 1692 ann.
574 1652 747 1705 philoll.
780 1654 885 1693 1861
920 1668 961 1706 p.
993 1655 1075 1694 625
1105 1667 1171 1707 sq.
1204 1656 1223 1695 I
1257 1656 1500 1696 Diomedes
1530 1656 1552 1695 I
1584 1670 1626 1708 p.
1660 1657 1740 1697 382
1774 1658 1824 1697 Ρ.
1868 1657 2087 1707 (ueteresl

179 1712 390 1748 ‘nomus
424 1709 580 1749 dicunt
613 1723 693 1762 pro
718 1723 770 1750 eo
795 1711 911 1762 quod
943 1715 1012 1751 est
1042 1712 1265 1762 nouimus,
1296 1713 1361 1752 ita
1391 1716 1441 1752 ut
1462 1712 1635 1752 Ennius
1668 1713 1716 1752 in
1747 1714 1975 1754 Lustris
1997 1713 2087 1754 ...⁷

289 1765 336 1805 11
365 1764 480 1808 Non.
514 1768 613 1811 355,
649 1768 701 1806 15
739 1780 1010 1818 occupare
1046 1773 1117 1808 est
1157 1769 1336 1820 proprie
1384 1769 1655 1820 praeuenire
1687 1801 1696 1809 .
1728 1800 1736 1808 .
1763 1801 1774 1810 .
1803 1771 1971 1810 Accius
2002 1771 2090 1810 Eu-

177 1833 336 1872 rysace
366 1852 376 1862 .
395 1852 404 1862 .
424 1853 434 1862 .
451 1852 461 1862 .
494 1822 647 1868 facere
670 1823 816 1863 ultro
845 1826 892 1862 in
914 1825 1099 1876 regem?
1131 1825 1249 1863 idem
1272 1825 1418 1865 Tereo
1445 1857 1454 1866 .
1473 1856 1481 1864 .
1500 1856 1510 1866 .
1540 1826 1777 1876 Turpilius
1807 1859 1816 1868 .
1835 1858 1844 1867 .
1864 1858 1872 1866 .
1912 1827 2089 1867 Ennius

177 1878 490 1918 Haectoris
524 1878 789 1919 listris..
817 1883 851 1920 .'
955 1880 1021 1920 111
1052 1881 1166 1920 Nou.
1198 1883 1386 1932 111,15
1419 1882 1611 1933 ‘fuam‚
1644 1882 1730 1922 sim
1759 1883 1833 1923 uel
1865 1883 1968 1923 fiam
1998 1914 2009 1925 .
2034 1915 2043 1925 .
2071 1915 2080 1924 .

178 1935 352 1974 Ennius
382 1934 688 1976 Haectoris
721 1936 884 1987 lytris
914 1940 1006 1978 ...³
1040 1936 1387 1987 (Haectoris
1421 1938 1606 1979 listris
1640 1939 1713 1988 W)

177 2085 286 2129 uide
324 2084 637 2129 Rilseleelium
677 2097 840 2142 opusc.
884 2085 941 2129 II
965 2083 1064 2130 487
1107 2085 1220 2130 (idn.
1262 2084 1451 2130 Oresten
1493 2087 1738 2143 (horestem
1778 2087 1938 2132 Vrbin.
1969 2087 2088 2146 308)

177 2168 260 2199 uos
299 2153 352 2198 al)
392 2155 476 2199 hoc
517 2154 694 2199 facessit
734 2154 958 2212 (facessite
1013 2155 1190 2212 Vrbin.)
1229 2157 1341 2200 libri
1375 2154 1586 2201 Oresten:
1627 2157 1729 2202 hinc
1767 2157 1970 2202 facessite
2009 2161 2088 2204 uel

177 2224 408 2269 Orestem:
447 2225 551 2269 hinc
590 2238 672 2269 uos
710 2224 919 2270 facessite
961 2225 1166 2270 Vossius.
1230 2227 1333 2271 Non
1372 2229 1799 2272 commendauerim
1836 2222 1946 2287 'Ego
1986 2228 2083 2274 dico

175 2295 339 2340 uicisse
366 2294 591 2340 Orestem:
632 2294 714 2340 uos
752 2295 803 2340 ab
844 2297 927 2341 hoc
955 2295 1161 2341 facessite
1275 2296 1372 2342 138
1402 2298 1631 2356 quiescere
1658 2311 1834 2343 sonare
1870 2312 2085 2363 quescere

170 2367 397 2424 probauit
434 2366 780 2411 Fleckeisenus
819 2381 931 2411 αντη.
966 2367 1150 2423 philoll.
1195 2366 1331 2413 1870
1365 2382 1414 2425 p.
1457 2368 1535 2426 77,
1577 2370 1694 2413 illem
1734 2372 1977 2414 senarium
2015 2371 2083 2414 di-

175 2449 382 2481 mensus.
416 2437 455 2481 T
455 2439 678 2482 itulorum
706 2439 927 2494 exempla
956 2439 1140 2497 colleyil
1168 2438 1503 2483 Buechelerus
1530 2441 1712 2484 anmdl.
1737 2440 1917 2497 philoll.
1949 2440 2082 2486 1858

171 2521 218 2564 p.
260 2506 354 2565 69,
395 2508 573 2552 anthol.
615 2507 719 2552 Lat.
763 2520 893 2565 spec.
934 2508 964 2552 Ι
990 2522 1042 2566 p.
1086 2508 1174 2554 19:
1227 2510 1370 2554 mullo
1410 2511 1559 2567 plura
1602 2509 1989 2555 Schucharcllius
2026 2512 2083 2555 cle

175 2579 433 2622 uocalismo
473 2577 532 2622 ΙΙ
564 2576 664 2623 448
704 2591 774 2636 sq.
806 2577 905 2622 514
945 2592 1014 2637 sq.
1144 2592 1333 2638 aequum
1374 2578 1554 2638 (equum
1595 2579 1805 2637 Monac.)
1844 2582 1985 2639 uulyo

174 2647 518 2707 Interroyandi
554 2651 736 2707 siynum
775 2651 915 2707 uulyo
942 2650 1073 2693 deest
1170 2644 1355 2710 nemus]
1398 2650 1462 2708 cf.
1491 2651 1833 2696 Lachmannus
1859 2654 1904 2695 in
1933 2651 2079 2696 Luer.

187 2717 230 2763 V
261 2717 361 2763 396
497 2719 693 2763 Vlixeum
734 2716 781 2762 in
821 2721 1087 2776 septenarii
1133 2721 1356 2764 clausula
1399 2723 1517 2778 poni
1561 2723 1710 2766 uoluit
1750 2721 2082 2766 Buechelerus

174 2801 291 2832 mus.
331 2789 484 2833 Rhen.
524 2789 575 2832 X
590 2789 626 2832 V
660 2788 789 2845 439,
829 2792 1012 2846 recepit
1049 2790 1399 2835 Fleckeisenus
1434 2793 1466 2836 l.
1505 2793 1534 2835 l.
1585 2791 1746 2836 ulixem
1783 2792 1897 2836 libri

179 2857 275 2903 139
309 2857 476 2902 Hector
515 2859 558 2902 ui
583 2858 840 2903 Mereerus
866 2858 1058 2903 Hectore
1087 2859 1205 2904 Bas.
1247 2859 1439 2905 Haeetor
1466 2862 1505 2905 ei
1535 2865 1684 2907 ceteri
1706 2863 1819 2906 libri
1912 2861 2083 2906 inducit

172 2929 290 2974 Bas,
401 2927 519 2972 foras
548 2928 801 2973 Mercerus
828 2930 872 2972 in
898 2928 1016 2973 foras
1042 2930 1155 2974 libri
1255 2929 1352 2976 140
1378 2930 1460 2975 iam
1499 2931 1618 2976 ultro
1646 2931 1853 2976 conferre
1880 2935 2069 2990 scripsi.

174 2998 293 3042 ultro
332 2998 415 3042 iam
455 2998 549 3043 fere
575 2999 708 3054 libri,
750 3000 843 3043 nisi
879 3000 1005 3057 quod
1040 2998 1158 3044 ferre
1188 3000 1307 3045 Bas.
1336 3001 1464 3047 Leid.
1496 3002 1673 3047 Geneu.
1714 3001 1919 3046 conferre
1958 3002 2078 3046 ultro

172 3070 254 3112 iam
295 3068 536 3128 Berqlcius
574 3071 756 3114 annali.
794 3070 975 3126 philoll.
1010 3068 1140 3115 1861
1180 3085 1228 3128 p.
1260 3069 1374 3128 627,
1418 3075 1498 3116 cui
1521 3071 1728 3117 conferre
1767 3075 1930 3117 merito
1967 3085 2077 3128 per-

171 3146 397 3183 suaserat
437 3138 642 3185 Vossius.
681 3138 801 3183 ultro
828 3138 994 3184 inferre
1021 3138 1292 3185 Mercerus.
1329 3141 1528 3186 adultera
1555 3142 1718 3186 inferre
1746 3143 1851 3187 olim
1879 3143 2076 3186 conieci.

170 3208 336 3253 inferre
374 3210 589 3254 iamfere
627 3213 674 3254 in
714 3211 915 3255 editione
957 3210 1223 3268 Valzlenus,
1263 3213 1348 3256 sed
1382 3213 1501 3257 idem
1538 3215 1587 3257 in
1625 3225 1742 3258 mus.
1772 3211 2082 3257 Rlien.X1V

173 3278 273 3324 556
300 3292 370 3338 sq.
412 3282 573 3325 adnot.
601 3286 745 3326 tolum
771 3293 965 3326 uersum
993 3282 1154 3325 talem:
1195 3282 1351 3326 eastris
1390 3289 1532 3327 eastra
1573 3282 1691 3326 ultro
1719 3282 1800 3324 iau]
1841 3281 1931 3324 fere
1958 3281 2075 3324 ferre

175 3356 362 3407 occupat
400 3350 703 3408 reformauit.
754 3350 941 3395 Troiana
981 3349 1147 3394 inferre
1186 3351 1539 3408 Buechelerus,
1581 3352 1708 3410 quod
1737 3364 1863 3407 prae
1901 3353 2076 3400 ceteris

174 3419 433 3476 adrz‘cleret,
472 3423 565 3465 nisi
599 3420 788 3465 Troiana
822 3423 1049 3480 flayilare
1076 3421 1168 3465 sibi
1202 3422 1381 3466 Achiuis
1409 3425 1631 3466 sentirem
1744 3420 1836 3463 141
1878 3425 1939 3477 ιιι,
1960 3415 2072 3480 ego]

174 3502 197 3530 a
235 3501 321 3547 ego
359 3475 488 3535 Leid.
538 3497 606 3534 ast
643 3504 729 3549 ego
770 3491 1034 3549 Berylcius,
1086 3492 1170 3550 qui
1207 3497 1558 3549 pentametrum
1607 3490 1900 3534 trochaicum
1951 3503 2072 3534 com-

172 3559 362 3602 mendal
469 3560 665 3619 luppiter
701 3563 926 3618 suppleui
964 3564 1048 3618 qui
1084 3562 1189 3606 olim
1228 3567 1354 3620 pater
1389 3572 1738 3618 proposueram

258 3643 433 3674 Rumzcx
443 3668 451 3684 ,
475 3645 610 3677 Scaen.
634 3645 768 3685 fragm.
1692 3658 1716 3693 3
