2299 3803
196 143 300 195 288

194 275 453 327 abigeum
483 269 609 311 Eun.
645 269 765 312 300*

196 331 252 370 ab
287 329 484 370 stabulis
518 329 753 380 abiugat
783 323 895 366 Pac.
929 326 1009 365 222

194 386 421 426 abluam
455 382 569 425 Pac.
601 386 683 425 245

196 443 527 482 abnuebunt
556 437 681 481 Eme.
714 442 796 480 284

194 502 239 538 te
273 499 443 538 adirier
475 498 720 538 abnutas
752 493 876 538 Eme.
909 497 989 538 306

197 555 499 596 abscedite
532 551 645 594 Pac.
679 555 760 593 265

195 611 353 663 paucis
387 610 641 650 absoluit
672 607 784 650 Pac.
821 612 896 650 181

197 667 526 708 abstrahite
559 664 654 705 Art.
688 667 768 705 382

196 725 496 765 abstrusos
530 724 654 762 sinus
686 719 798 762 Pac.
833 724 915 762 394
940 720 960 742 *
992 719 1126 761 acula

260 812 269 820 .
295 812 305 821 .
344 779 556 820 abstrusa
589 779 635 817 in
666 779 849 819 flumine
872 776 968 818 Att.
1000 778 1081 817 462
1105 776 1126 797 *

197 834 349 878 absum
386 835 506 889 quod
536 847 655 875 nunc
694 836 855 875 abest
884 831 1009 877 Eun».
1044 836 1124 873 271

256 895 418 946 quibus
451 893 583 932 abest
611 921 620 931 .
647 922 655 930 .
689 893 865 931 astutia
896 888 1011 934 Pac.
1045 891 1126 931 358

256 951 492 990 absentem
524 945 620 987 Act.
652 949 705 988 38

200 1007 456 1046 absumor
487 1001 582 1044 Art.
615 1005 697 1044 564

200 1062 496 1103 abundans
529 1060 726 1100 fortunis
756 1058 851 1100 Act.
874 1062 955 1101 685
990 1059 1134 1099 abun·

256 1119 442 1159 dantem
480 1148 490 1159 .
516 1149 525 1157 .
566 1130 744 1157 amnem
781 1115 876 1157 Att.
910 1118 990 1157 297

202 1189 256 1216 ac
296 1172 423 1215 Eme.
458 1171 580 1215 133*
620 1171 733 1214 Pac.
775 1171 869 1214 73*
910 1170 1009 1222 (bis)
1048 1174 1129 1213 256

255 1231 349 1273 Αΐΐ.
396 1235 474 1273 135
516 1231 594 1271 163
634 1231 716 1271 208
746 1229 766 1251 '³‘
807 1232 886 1270 301
928 1232 1009 1270 303
1048 1229 1130 1270 385

257 1292 338 1330 451
372 1289 452 1329 568
485 1288 565 1328 575
597 1284 686 1327 inc.
718 1284 807 1327 ἐπε.
830 1283 921 1337 fab.
947 1287 1026 1326 157
1048 1288 1130 1326 220

257 1349 368 1386 item
401 1358 454 1385 ac
486 1341 582 1385 Art.
616 1345 697 1384 315
719 1342 739 1363 *
772 1356 914 1396 aeque
948 1356 1003 1382 ac
1034 1339 1129 1382 Att.

249 1404 399 1455 praet.
431 1403 484 1443 32
516 1400 650 1440 simul
683 1413 737 1440 ac
773 1397 868 1440 Att.
899 1401 982 1439 449

202 1473 292 1500 non
314 1459 431 1512 potis
455 1471 518 1498 ac
534 1457 663 1497 cedi
693 1453 820 1497 Eun.
841 1458 921 1497 317
955 1455 1133 1497 accessi

259 1518 461 1557 Aeaeam
491 1511 604 1554 Pac.
637 1515 718 1553 218
741 1512 762 1534 *

204 1585 409 1626 gressum
445 1570 808 1611 accelerasse
839 1567 935 1609 Att.
967 1570 1021 1608 24

205 1630 356 1670 lumen
395 1660 403 1669 .
432 1659 440 1667 .
481 1626 750 1667 accendat
780 1623 905 1666 Eun.
938 1627 1018 1666 367
1056 1638 1134 1665 ac-

265 1685 468 1725 cenderit
521 1684 602 1725 368
654 1683 880 1735 Pergama
926 1684 1136 1722 Accensa

264 1739 372 1782 Liu.
406 1743 431 1781 3

207 1813 291 1852 quo
316 1797 525 1838 Castalia
556 1828 564 1836 .
584 1829 592 1838 .
623 1797 756 1850 lapsu
789 1795 1003 1835 accidit
1025 1791 1136 1834 Lm.

262 1858 314 1896 37
349 1858 516 1907 quanto
549 1868 571 1894 e
596 1853 696 1894 loco
728 1884 737 1894 .
757 1884 766 1894 .
794 1853 927 1904 lapsa
949 1852 1136 1891 fortuna

264 1911 453 1952 accidat
483 1907 610 1950 Emz.
642 1912 721 1951 371
765 1922 852 1960 quo
885 1908 1134 1948 accedam?

264 1965 390 2008 Eun.
423 1970 473 2008 77
517 1967 640 2007 nilne
675 1967 734 2007 ad
767 1972 808 2005 te
848 1996 891 2006 ..
934 1964 1135 2005 accidit?

262 2023 377 2067 Pae.
411 2026 464 2065 34
495 2037 584 2064 uox
616 2023 672 2063 ad
705 2023 828 2062 auris
852 2021 1019 2062 accidit
1039 2019 1137 2060 Att.

263 2085 344 2122 449
379 2094 433 2120 ea
466 2081 505 2120 si
538 2080 612 2120 cui
652 2081 700 2119 in
733 2091 888 2119 somno
922 2078 1140 2117 accidunt

262 2137 358 2182 Att.
375 2139 526 2189 pra-et.
547 2139 600 2177 30
627 2136 886 2176 accedisset
906 2131 1034 2175 Εηπ.
1058 2136 1138 2174 206

209 2196 476 2236 accierim
507 2191 604 2233 Att.
636 2195 717 2233 485

210 2252 466 2304 accipite
501 2247 630 2290 Emi.
664 2251 746 2290 236
787 2253 1029 2301 acceptam
1069 2260 1138 2286 me

267 2313 429 2349 necato
452 2304 579 2348 Eun.
604 2308 685 2347 355
706 2305 727 2327 ‘³‘
761 2305 879 2358 quod
904 2318 987 2357 ego
1010 2305 1141 2344 inau-

269 2366 363 2405 diui
385 2365 576 2416 accipite
599 2361 713 2403 Pac.
736 2366 789 2403 35
813 2362 1138 2414 paedagogan-

269 2422 374 2461 dum
397 2422 570 2473 accipit
600 2418 711 2460 Pac,
738 2421 816 2459 192
850 2419 974 2470 prius
1008 2430 1141 2469 quam

270 2491 464 2529 accepso
497 2477 616 2529 quod
639 2481 743 2528 peto
765 2473 878 2515 Pac.
901 2476 983 2515 325
1015 2477 1139 2513 recte

268 2533 488 2587 perfectis
530 2534 673 2573 sacris
711 2532 818 2571 Volt
859 2530 1008 2584 accipi
1046 2527 1143 2568 Att.

215 2660 365 2688 arcem
415 2646 687 2698 Alfeumque
734 2643 1000 2684 accolunt
1046 2640 1142 2681 Ait.

270 2705 352 2744 509
383 2702 592 2743 accolitis
624 2703 829 2741 Histrum
859 2697 1012 2741 IVaeu.
1042 2700 1095 2739 65

215 2761 402 2801 exuuias
454 2790 498 2799 ..
542 2759 679 2798 lateri
727 2756 1146 2798 accommodant

271 2814 368 2856 Att.
391 2818 473 2856 256
507 2816 637 2855 frena
667 2847 676 2856 .
697 2846 706 2856 .
737 2815 803 2854 ori
835 2826 1047 2866 equorum
1070 2825 1145 2851 ac-

277 2873 567 2913 commodant
596 2870 692 2912 Att.
725 2872 806 2912 686

217 2929 509 2970 accumbat
538 2941 743 2969 mensam
773 2925 870 2969 Att.
904 2928 986 2967 218

219 2998 462 3026 accusas
501 2984 589 3025 inc.
631 2983 721 3025 inc.
761 2981 853 3034 fab.
891 2985 973 3023 200
1013 2995 1145 3022 accu-

274 3056 367 3083 sem
388 3039 477 3082 inc.
503 3040 591 3081 inc.
623 3039 716 3091 fab.
741 3043 818 3080 178
843 3042 923 3080 180
954 3051 1147 3079 accuses

219 3157 418 3198 incursio
467 3186 476 3197 .
512 3186 520 3195 .
568 3155 713 3194 acris
754 3152 849 3193 Art.
885 3155 966 3193 320
1008 3152 1147 3191 animi

276 3226 427 3252 acrem
449 3211 739 3252 acrimoniam
756 3207 906 3250 IVaeu.
925 3209 978 3249 38
998 3221 1147 3248 acrem

276 3270 421 3308 aciem
472 3265 599 3308 Enn.
648 3269 728 3307 325
782 3267 953 3307 senium
1005 3264 1146 3304 multo

277 3326 541 3364 acerrimum
572 3321 668 3363 Att.
692 3325 774 3363 468
808 3322 945 3361 telum
982 3321 1148 3360 acerri-

276 3394 395 3421 mum
426 3379 514 3421 inc.
547 3378 636 3420 isne.
667 3377 759 3430 fab.
794 3381 845 3419 78

222 3439 476 3477 acerbum
534 3450 611 3476 cor
654 3435 752 3477 Att.
798 3437 877 3475 201
931 3433 1147 3473 anxitudo

281 3495 445 3533 acerba
477 3490 571 3533 Att.
607 3495 686 3533 154
708 3491 728 3512 *

948 143 1150 203 abigeum
1191 166 1260 173 --
1299 141 1350 185 ad

1170 265 1514 305 Acheruntis
1534 261 1622 304 inc.
1645 261 1734 304 inc.
1757 261 1851 315 fab.
1875 266 1927 304 77
1959 264 2102 305 Ache-

1230 325 1402 362 rontem
1442 352 1451 362 .
1478 352 1486 360 .
1518 321 1653 360 obibo
1684 317 1811 361 Emz.
1843 323 1923 362 202
1957 318 2104 360 Ache-

1229 381 1362 418 runte
1393 375 1485 418 inc.
1519 374 1609 417 ine.
1641 374 1734 427 fab.
1767 380 1819 417 73

1171 435 1525 475 Acherunsia
1557 433 1731 486 templa
1760 430 1886 473 Eun.
1920 435 1974 474 70

1173 490 1388 530 Achilli
1420 490 1558 530 armis
1590 486 1688 531 Att.
1722 489 1801 530 145
1835 490 1943 530 dare
1977 502 2104 530 arma

1230 546 1401 587 Achilli
1430 543 1556 586 Eun.
1592 546 1672 585 148

1175 617 1377 657 Achiui
1415 614 1529 656 Pae.
1570 618 1650 656 217
1674 613 1694 636 *
1736 614 1928 656 classem
1966 615 2108 655 Achi—

1229 687 1334 713 uom
1379 671 1469 714 inc.
1516 670 1606 712 inc.
1652 669 1743 721 fab.
1787 674 1866 712 140
1912 672 2103 712 Achiuis

1229 726 1356 774 Emz,
1393 731 1470 770 142
1510 729 1699 768 Achiuis
1741 727 1968 769 classibus
2008 727 2105 768 Att.

1231 788 1311 826 522
1352 786 1552 826 Achiuos
1587 781 1716 825 Eam,
1752 786 1828 824 161
1870 781 1982 824 Pac.
2025 786 2105 825 136

1235 855 1333 882 cum
1364 842 1553 882 Achiuis
1582 838 1709 881 Ewn.
1746 842 1796 881 17
1829 838 1928 884 Att.
1961 842 2044 882 358

1177 914 1353 953 aciem
1384 913 1652 953 inclinatam
1675 908 1804 954 Emz.
1831 913 1913 952 325
1937 912 1983 950 in
2005 912 2106 951 acic

1235 969 1417 1010 celebra
1448 966 1565 1009 Pac.
1598 969 1677 1010 168
1714 969 1761 1007 in
1793 969 1891 1008 acie
1922 965 2020 1010 Act.
2055 969 2105 1006 12

1226 1027 1379 1078 praet.
1412 1029 1437 1066 3

1175 1082 1389 1123 Acoete
1405 1095 1424 1122 s
1459 1079 1571 1123 Pac.
1604 1078 1768 1122 Penth.

1179 1153 1319 1193 animi
1359 1166 1513 1193 acrem
1558 1152 1918 1192 acrimoniam
1956 1148 2108 1192 Naeu.

1234 1211 1286 1250 38
1317 1212 1454 1261 iram,
1488 1209 1784 1250 acrimoniam
1815 1205 1913 1249 Att.
1943 1209 2027 1249 468

1177 1266 1394 1307 acritas
1426 1262 1523 1306 Att.
1553 1267 1636 1306 467

1179 1323 1556 1363 acritudinem
1586 1319 1683 1362 Att.
1714 1322 1797 1362 466

1180 1384 1426 1420 actutum
1456 1376 1606 1420 Naezo.
1638 1380 1692 1419 25
1733 1375 1847 1419 Pac.
1885 1379 1963 1419 118
2009 1374 2110 1418 Att.

1181 1493 1349 1533 acula
1380 1491 1477 1534 Att.
1509 1493 1590 1532 462
1614 1489 1634 1512 '³‘

1181 1564 1247 1604 ad
1284 1576 1353 1604 me
1395 1563 1525 1603 adire
1564 1559 1690 1602 Eun.
1733 1564 1814 1603 303
1856 1560 2112 1602 adeundum

1239 1620 1299 1660 ad
1329 1620 1474 1660 uirum
1505 1616 1601 1660 Att.
1637 1621 1687 1659 77
1722 1619 1875 1658 aditus
1908 1617 1967 1658 ad
1997 1631 2114 1658 mor—

1240 1681 1330 1716 tem
1352 1674 1442 1716 ino.
1466 1673 1555 1716 ine.
1577 1673 1670 1726 fab.
1694 1677 1776 1715 203
1809 1674 1866 1714 ad
1897 1688 1996 1715 eum
2020 1674 2114 1714 adi-

1240 1737 1400 1774 tauere
1431 1729 1558 1772 Emz.
1591 1735 1674 1773 394
1713 1734 1822 1771 eunt
1853 1730 1908 1770 ad
1941 1731 2115 1771 fontem

1238 1786 1364 1829 Em.
1408 1791 1487 1830 125
1525 1785 1582 1839 cf.
1623 1786 1736 1831 Pac.
1779 1789 1861 1827 214
1897 1784 1997 1830 Att.
2032 1789 2114 1828 302

1241 1850 1481 1885 transeunt
1513 1846 1570 1885 ad
1604 1845 1746 1898 pedes
1779 1857 1834 1883 ex
1866 1844 1995 1896 equis
2025 1841 2114 1888 inc,

1240 1901 1329 1945 inc.
1351 1900 1446 1953 fab.
1472 1904 1553 1943 239
1584 1903 1639 1942 ad
1663 1901 1859 1954 patriam
1890 1931 1900 1940 .
1919 1932 1929 1942 .
1958 1900 2117 1940 rediis-

1242 1965 1313 1999 set
1358 1957 1456 2000 Att.
1498 1961 1580 2000 695
1627 1962 1684 1998 ad
1730 1962 1918 1997 mortem
1961 1961 2118 1997 meant

1241 2013 1392 2056 Naeu.
1422 2017 1476 2056 47
1511 2015 1568 2054 ad
1600 2019 1774 2067 pestem
1807 2045 1844 2054 ..
1883 2013 2117 2066 profectus

1243 2070 1331 2113 inc.
1362 2070 1454 2116 inc,
1487 2070 1578 2122 fab.
1604 2073 1683 2111 146
1719 2070 1776 2111 ad
1809 2069 2118 2109 manticulan-

1245 2130 1347 2169 dum
1378 2160 1386 2170 .
1407 2160 1415 2169 .
1448 2129 1712 2181 aggreditur
1744 2125 1856 2167 Lac.
1879 2129 1960 2167 377
1992 2126 2117 2166 nilne

1246 2186 1300 2226 ad
1331 2189 1377 2226 te
1409 2216 1445 2226 ..
1477 2185 1679 2225 accidit?
1712 2181 1823 2225 Pae
1858 2185 1913 2223 34
1950 2183 2009 2222 ad
2041 2195 2119 2221 au—

1244 2244 1308 2284 ris
1352 2242 1526 2282 accidit
1573 2239 1671 2281 Att.
1715 2243 1799 2281 449
1846 2239 1904 2279 ad
1949 2239 2118 2279 malam

1245 2300 1459 2340 Aetatem
1505 2299 1731 2350 adiungas
1770 2294 1883 2337 Pac.
1928 2298 2008 2336 277
2060 2296 2118 2335 ad

1248 2369 1361 2396 saxa
1394 2355 1596 2395 adlidere
1627 2352 1724 2394 Att.
1757 2356 1810 2394 33
1850 2352 1909 2392 ad
1938 2365 2009 2392 me
2043 2352 2120 2391 ad-

1246 2412 1418 2465 pellere
1458 2408 1555 2451 Art..
1590 2412 1740 2462 praet.
1782 2412 1833 2449 19
1878 2408 1938 2469 ad
1982 2421 2119 2470 unum

1245 2468 1530 2576 Jzffitmffli
1557 2466 2120 2574 ἠῑᾶξῗὲἓιῖῗιέἴέἳὶοῖῗέ

1245 2579 1343 2623 Att.
1375 2582 1456 2620 411
1491 2580 1636 2634 adque
1670 2579 1868 2620 Oresten
1898 2609 1937 2619 ..
1977 2577 2118 2618 adsti-

1247 2640 1401 2677 tuerat
1421 2634 1517 2677 Att.
1540 2639 1594 2677 55
1615 2635 1635 2657 ’³‘
1668 2637 1818 2676 animo
1850 2635 2029 2675 attendi
2061 2633 2119 2674 ad

1250 2694 1558 2745 quaerendum
1579 2690 1693 2734 Pac.
1717 2695 1767 2732 17
1801 2692 1860 2731 ad
1883 2692 2004 2731 hanc
2026 2691 2119 2730 rem'

1257 2782 1266 2792 .
1293 2782 1302 2790 .
1340 2750 1518 2790 aduoca
1555 2747 1645 2791 inc.
1685 2747 1776 2792 inc.
1812 2745 1906 2799 fab.
1945 2747 2027 2788 238
2063 2747 2120 2787 ad

1249 2820 1333 2847 uos
1372 2806 1626 2848 adueniens
1663 2803 1790 2846 Emz.
1831 2807 1913 2846 314
1958 2804 2015 2844 ad
2059 2835 2069 2845 .
2101 2834 2111 2844 .

1249 2865 1421 2904 fontem
1460 2864 1715 2904 adueniunt
1753 2859 1850 2902 Att.
1890 2863 1971 2902 602
2003 2858 2024 2880 *
2060 2860 2119 2900 ad

1249 2920 1382 2961 finem
1415 2924 1597 2960 uentum
1630 2924 1700 2960 est
1729 2916 1828 2958 Att.
1855 2919 1910 2959 54
1941 2916 1998 2956 ad
2029 2920 2121 2958 sta-

1249 2977 1359 3017 bula
1389 2977 1504 3017 haec
1535 2977 1671 3017 itiner
1702 2974 1875 3016 contuli
1902 2971 2016 3014 Pac.
2041 2975 2119 3012 121

1251 3034 1370 3086 quod
1401 3034 1485 3072 iter
1515 3032 1734 3084 incipiam
1755 3031 1964 3085 ingredi?
1995 3061 2032 3071 ..
2063 3029 2120 3068 ad

1249 3091 1404 3130 Peliae
1434 3089 1551 3130 filias
1571 3085 1697 3129 Eam.
1720 3090 1801 3129 232
1834 3087 1892 3127 ad
1916 3092 1960 3127 te
1984 3087 2120 3125 itiner

1251 3148 1437 3188 tendere
1470 3143 1566 3186 Art.
1599 3148 1680 3187 500
1703 3143 1724 3165 *
1756 3144 1813 3184 ad
1840 3145 1994 3184 urbem
2025 3148 2121 3181 ten-

1252 3204 1365 3243 dunt
1385 3201 1483 3248 Att,
1505 3203 1587 3242 318
1612 3202 1668 3241 ad
1689 3201 1872 3241 Troiam
1894 3212 1991 3239 cum
2016 3199 2130 3250 misi‘

1249 3259 1338 3303 inc,
1379 3259 1468 3300 inc.
1507 3256 1598 3309 sab.
1631 3259 1685 3298 86
1725 3259 1877 3297 ducite
1920 3255 1979 3294 ad
2020 3267 2121 3295 eum

1250 3316 1347 3357 Att.
1388 3318 1471 3357 425
1518 3316 1574 3355 ad
1616 3314 1793 3354 caelum
1834 3311 1995 3352 extulit
2030 3309 2119 3351 inc.

1251 3371 1340 3413 ἐπε.
1371 3370 1463 3423 fab.
1496 3374 1549 3412 93
1581 3370 1737 3411 tetulit
1773 3401 1781 3410 .
1808 3400 1818 3409 .
1858 3368 1916 3408 ad
1945 3367 2121 3408 caelum

1251 3428 1339 3473 inc,
1370 3427 1459 3468 inc.
1489 3425 1581 3478 fab.
1605 3429 1658 3468 70
1690 3426 1748 3465 ad
1778 3424 1953 3465 caelum
1984 3424 2121 3476 erigit

1250 3485 1346 3527 Att.
1378 3487 1460 3525 402
1493 3485 1552 3525 ad
1583 3483 1794 3536 populum
1827 3513 1863 3522 ..
1894 3481 2119 3522 Referun-
