2299 3803
608 193 686 233 Ex
718 192 999 236 INCssR'rls
1031 195 1425 237 INCERTOHVM
1460 196 1719 239 FABVLIS
2013 198 2117 252 245

471 345 815 397 Silucstribus
857 346 1103 415 saepibus
1145 348 1322 399 densa.

756 463 1047 517 XXXVIII
1091 464 1256 534 (Eun.
1295 466 1423 518 Hec,
1470 465 1559 536 15)

355 559 576 611 'Adsum
633 563 790 629 atque
848 561 1072 614 aduenio
1121 561 1444 615 'Acherunte
1500 561 1590 615 uix
1646 564 1733 615 uia
1789 565 1898 616 alta
1954 568 2112 634 atquc

1536 660 1722 728 z'trduu,

355 751 456 802 Per
496 754 775 820 speluncas
818 754 956 805 saxis
999 757 1227 805 structas
1269 755 1469 822 asperis
1511 756 1867 824 pendentibus

247 847 315 900 75
356 847 642 917 Maxunlis,
683 850 772 900 ubi
814 848 988 919 rigida
1030 854 1239 902 constat
1282 852 1459 903 crassa
1501 853 1673 921 caligo
1718 850 1963 905 inferum.

781 966 1018 1019 XXXIX
1061 966 1225 1038 (Eun.
1266 968 1393 1021 Hee.
1441 967 1530 1039 16)

352 1062 524 1116 ‘Vnde
566 1064 774 1116 animae
816 1064 1116 1116 excitantur
1156 1065 1383 1118 obscura
1408 1066 1596 1118 umbra
1622 1070 1837 1135 opertae
1879 1086 1942 1119 ex
1967 1069 2104 1122 ostio

203 1226 324 1267 deor.
358 1227 378 1266 Ι
409 1229 484 1278 42,
524 1229 600 1267 119
634 1229 821 1266 ‘omitto
857 1227 1116 1267 Eleusinem
1248 1225 1438 1281 [XXVI]
1478 1234 1713 1281 praetereo
1747 1229 2104 1271 Samothraciam

204 1296 348 1335 eaque
389 1297 505 1335 quac
549 1285 737 1324 Lemni
777 1288 1078 1323 nocturno’
1114 1298 1149 1324 c.
1186 1299 1225 1337 q.
1259 1298 1291 1324 s.
1354 1286 1537 1338 ‘quibus
1579 1285 1828 1339 explicatis
1867 1287 1925 1326 ad
1966 1288 2105 1328 ratio-

202 1353 393 1392 nemque
429 1341 660 1380 reuocatis
693 1353 836 1379 rerum
874 1341 1018 1391 magis
1052 1346 1216 1381 natura
1250 1342 1542 1393 cognoscitur
1565 1355 1697 1393 quam
1724 1343 1940 1383 deorum.'
1989 1343 2106 1383 Attii

202 1395 492 1437 Philoctetae
527 1397 651 1437 reddi
684 1401 729 1435 et
761 1401 865 1447 post
896 1409 935 1435 u.
960 1398 1042 1437 5⁴28
1074 1398 1214 1437 inseri
1246 1398 1457 1437 uolerunt
1480 1398 1528 1436 C.
1555 1399 1691 1438 Beier
1722 1404 1767 1438 et
1800 1399 1851 1439 G.
1885 1400 2107 1439 Herman-

201 1465 299 1493 nus.
436 1453 678 1494 XXXVIII
710 1452 903 1492 XXXIX
934 1452 1092 1494 Cicero
1124 1453 1255 1493 Tusc.
1291 1453 1406 1506 disp.
1440 1455 1459 1493 1
1493 1456 1564 1503 16,
1599 1457 1649 1495 37
1685 1456 1758 1495 ‘in
1790 1459 1953 1495 terram
1987 1457 2105 1496 enirn

202 1508 474 1549 cadentibus
515 1510 780 1562 corporibus
821 1510 976 1560 eisque
1018 1509 1149 1550 humo
1182 1510 1342 1558 tectis,
1383 1524 1405 1550 e
1446 1523 1533 1563 quo
1567 1511 1736 1553 dictum
1769 1516 1840 1552 est
1872 1512 2105 1563 humari,

201 1566 283 1606 sub
316 1570 438 1606 terra
476 1567 728 1607 censebant
760 1566 979 1618 reliquam
1018 1567 1159 1606 uitam
1191 1567 1266 1620 agi
1303 1575 1591 1608 mortuorum.
1652 1581 1786 1619 quam
1824 1581 1975 1608 eorum
2009 1570 2106 1621 opi-

200 1622 381 1662 nionem
414 1623 563 1675 magni
597 1636 771 1663 errores
804 1623 1038 1662 consecuti
1071 1628 1196 1673 sunt,
1238 1636 1349 1675 quos
1391 1629 1617 1664 auxerunt
1649 1631 1831 1677 poetae.
1893 1625 2107 1677 frequens

201 1680 321 1718 enim
361 1692 602 1719 consessus
650 1679 840 1728 theatri,
889 1680 935 1718 in
984 1693 1068 1730 quo
1118 1686 1221 1719 sunt
1269 1679 1564 1720 mulierculae
1613 1687 1657 1721 et
1704 1681 1849 1733 pueri,
1900 1687 2107 1722 mouetur

201 1734 393 1775 audiens
426 1742 515 1774 tam
549 1736 721 1789 gra-nde
761 1748 964 1775 carmen:
1000 1735 1184 1776 adsum
1223 1767 1232 1776 .
1260 1767 1269 1777 .
1298 1767 1306 1775 .
1345 1737 1607 1777 inferum:
1649 1742 1918 1788 tantumque
1958 1738 2107 1778 ualuit

199 1805 324 1831 error
360 1822 369 1831 .
396 1823 438 1832 ..
478 1797 548 1838 ut,
590 1805 778 1844 corpora.
818 1798 1019 1832 cremata
1061 1805 1160 1831 cum
1202 1794 1396 1837 scirent,
1448 1796 1601 1832 tamen
1642 1808 1696 1834 ca
1735 1792 1828 1833 fieri
1869 1795 1990 1846 apud
2034 1796 2104 1834 in-

202 1848 323 1887 feros
357 1847 600 1899 fingerent,
636 1861 753 1900 quae
788 1850 884 1887 sine
919 1849 1185 1901 corporibus
1217 1862 1299 1889 nec
1333 1849 1429 1889 fieri
1454 1854 1644 1901 possunt
1674 1863 1756 1889 nee
1787 1851 1999 1903 intellegi
2031 1881 2068 1892 ..
2089 1882 2098 1892 .

197 1903 305 1944 inde
341 1905 524 1944 Homeri
556 1909 651 1945 tota
683 1904 873 1945 νεκυίας
908 1905 1012 1945 inde
1139 1909 1491 1956 νεκυομαντεῐα
1622 1907 1726 1946 inde
1758 1906 1804 1945 in
1834 1907 2004 1947 uicinia
2028 1921 2104 1948 no-

200 1965 295 2000 stra
317 1962 487 2001 Auerni
511 1961 654 2013 lacus,
682 1960 822 2001 unde
846 1962 1062 2002 animae
1087 1963 1418 2002 excitantur
1440 1963 1682 2002 obscura
1713 1993 1748 2002 ..
1769 1994 1778 2002 .
1804 1965 2104 2016 sanguine,

199 2017 475 2070 imagines
515 2022 862 2058 mortuorum.
923 2018 1006 2058 has
1039 2022 1192 2058 tamen
1225 2019 1446 2072 imagines
1478 2019 1603 2072 loqui
1636 2018 1825 2062 uolunt,’
1878 2020 2105 2073 (imagi-

200 2086 297 2113 nes
328 2078 667 2114 mortuorum
701 2074 803 2114 libri
836 2075 1011 2126 optimi.
1060 2080 1399 2115 mortuorum
1442 2076 1713 2128 imagines
1754 2076 1924 2116 Elicus.
1961 2090 1984 2116 c
2014 2077 2103 2116 Pe·

198 2135 358 2177 treus,
400 2130 634 2170 Bentleius
673 2135 905 2182 tamquam
948 2135 1110 2182 poetae
1143 2133 1300 2172 uerba.
1360 2131 1451 2172 Sed
1482 2132 1696 2172 uidentur
1736 2134 1888 2184 potius
1929 2145 1952 2172 e
1985 2146 2105 2172 mar-

199 2187 302 2237 gine
334 2186 468 2227 illata
500 2200 623 2228 esse:
656 2188 713 2227 cf.
749 2186 909 2227 Cicero
943 2187 997 2227 de
1031 2187 1120 2230 diu.
1154 2188 1176 2227 I
1207 2190 1276 2236 30,
1308 2188 1380 2237 63)
1413 2188 1526 2230 Non.
1553 2190 1657 2238 272,
1691 2191 1743 2229 32
1777 2190 2101 2238 ‘constitit‚

199 2246 381 2283 erectus
413 2248 484 2284 est
521 2274 530 2284 .
558 2275 566 2282 .
596 2275 604 2282 .
632 2275 640 2282 .
671 2244 831 2283 Cicero
864 2243 1225 2284 Tusculanarum
1257 2245 1335 2286 lib.
1369 2258 1408 2282 1:
1443 2245 1542 2283 uhi
1575 2245 1762 2297 rigida
1797 2258 1834 2284 c.
1871 2258 1909 2287 e.
1944 2259 1981 2287 c.
2017 2246 2099 2284 in—

201 2299 407 2341 ferum.’
526 2301 596 2340 Fr.
619 2299 858 2340 XXXVIII
891 2300 1064 2340 contuli
1098 2313 1197 2340 curn
1232 2301 1515 2353 Sophocleae
1549 2301 1809 2353 I'olyxenae
1846 2300 1898 2343 fr.
1932 2304 2013 2342 478
2045 2301 2097 2341 N.

199 2355 298 2406 (469
330 2355 431 2409 D.)‚
465 2356 543 2397 ubi
573 2356 767 2396 Achillis
798 2357 957 2397 umbra
988 2356 1214 2409 loquitur.

535 2419 684 2475 ἄκτάς
715 2419 964 2476 ἄπαίωνοὲς
982 2440 1044 2494 ςτε
1076 2424 1158 2468 καὶ
1188 2426 1521 2493 μελαμβαθείς

537 2482 739 2526 λιποῦσα
772 2483 939 2550 λίμνης
971 2473 1157 2552 ἦλθον,
1184 2478 1390 2538 ήχούσης
1422 2478 1563 2548 γόους

530 2533 794 2594 Ἀχέροντος
826 2533 1093 2595 ὀξυπλῆγος
1124 2536 1328 2594 ἄρσενας
1361 2535 1476 2594 χοάς

197 2702 354 2747 luntur
391 2703 513 2748 aditu
551 2705 680 2750 Leid.
721 2705 778 2762 C,
827 2707 912 2751 sed
947 2706 1119 2750 additis
1158 2707 1510 2764 transponendi
1545 2709 1682 2752 notis.
1843 2707 1906 2753 73
1947 2723 2007 2752 an
2047 2707 2099 2751 ab

198 2773 481 2838 Acherunte?
644 2775 708 2821 76
748 2789 818 2834 sq.
859 2775 976 2820 unde
1022 2776 1191 2820 animae
1230 2777 1480 2820 excitantur
1518 2778 1667 2822 uerba
1716 2792 1874 2823 armon
1913 2777 2100 2823 Cicero-

197 2846 270 2888 m's
314 2844 476 2901 potius
520 2859 661 2903 quam
703 2851 880 2903 poetae
926 2849 1020 2892 sine
1054 2846 1335 2905 ambiyuum.
1481 2846 1670 2892 obscura
1716 2846 1867 2891 umbra
1917 2854 2100 2907 opertae

198 2914 315 2959 ostio
366 2914 616 2972 Bruxell„
666 2916 896 2961 Dauisius
945 2930 986 2961 ο.
1037 2930 1080 2960 ιι.
1130 2922 1309 2976 apertae
1357 2916 1505 2961 hostio
1547 2918 1664 2963 Gud.
1715 2917 1831 2978 Ray.
1884 2917 2098 2963 obscurae

198 2983 380 3028 umbrae
408 2991 562 3043 aperto
603 2987 719 3031 ostio
749 2987 1017 3043 Bentleius,
1060 2988 1146 3032 sed
1180 2988 1298 3032 idem
1337 2985 1524 3032 obscura
1553 2987 1705 3032 umbra
1733 2994 1917 3048 opertae
1957 2990 2094 3034 alios.

198 3054 385 3100 obscura
423 3053 574 3100 umbra
613 3062 768 3115 aperto
817 3070 869 3102 ex
918 3057 1034 3101 ostio
1074 3057 1327 3103 Madue'cus
1489 3058 1550 3102 77
1591 3058 1705 3103 altae
1743 3058 1964 3104 Klolzz'us
2009 3059 2096 3103 alte

199 3126 317 3170 Gud.
356 3125 473 3185 Rey.
515 3125 603 3171 alto
650 3126 867 3172 Bruxell.
916 3126 991 3171 alti
1032 3128 1279 3173 Bentleius
1321 3141 1470 3172 cassae
1502 3143 1647 3187 prop.
1694 3128 1922 3186 Orellius,
1972 3130 2100 3188 quod

195 3195 408 3254 defendit
447 3194 720 3255 Seyfferlzcs
838 3196 955 3242 salso
996 3198 1112 3257 Rey.
1144 3197 1261 3243 Gud.
1290 3199 1449 3244 Brux.
1492 3198 1592 3244 suso
1630 3199 1880 3245 Bentlee‘us
2007 3199 2097 3254 Qui

197 3279 302 3310 cum
341 3266 585 3312 Gulielmio
625 3269 855 3313 claudunt
894 3280 1083 3313 uersum
1121 3269 1220 3313 leis.-
1266 3269 1514 3328 sanguine,
1562 3276 1842 3314 mortuorum
1880 3269 2094 3328 imagines

199 3337 451 3381 trochaeos
475 3338 666 3396 dactylo
695 3345 1022 3396 corrumpunt.
1126 3337 1315 3384 obscura
1342 3337 1494 3383 umbra
1522 3346 1677 3399 aperto
1704 3339 1779 3384 alti
1806 3339 1923 3383 ostio
1950 3339 2093 3384 Ache·

195 3406 341 3450 runtis
368 3405 478 3451 l'also
506 3409 726 3467 sanguiue
763 3410 964 3454 Bothius
1074 3409 1137 3455 76
1165 3422 1234 3468 sq.
1264 3423 1369 3455 cum
1399 3408 1461 3454 75
1490 3411 1801 3455 Her-mannus
1832 3410 1896 3453 ad
1920 3409 2090 3466 Eurip.

199 3473 384 3521 Hecub.
416 3476 440 3520 1
470 3480 539 3522 sic
565 3481 785 3538 coniunyi
810 3481 984 3524 uoluit.-
1025 3478 1241 3535 inferum,
1270 3474 1409 3524 'Vnde
1435 3481 1603 3524 animae
1631 3479 1878 3525 excitantur
1904 3478 2093 3523 obscura

199 3543 377 3602 umbra,
417 3554 570 3606 aperto
609 3549 685 3594 alti
712 3550 828 3595 ostio
856 3545 1138 3594 'Acheruntis
1180 3549 1288 3595 l‘also
1329 3552 1516 3610 sangui,
1556 3557 1836 3595 mortuorum
1862 3549 2090 3608 imagines,
