2294 3844
989 227 1041 276 Q.
1077 225 1298 266 ENNIVS
2025 222 2096 273 59

996 355 1129 407 VIII
1171 353 1291 425 (10)

1013 451 1271 520 Thyestes

488 546 695 615 Nolite,
734 548 996 616 hospites,
1036 548 1102 599 ad
1143 566 1225 599 me
1267 545 1434 599 adire:
1475 548 1596 600 ilico
1639 547 1749 599 isti:

487 644 569 696 Ne
611 644 860 713 contagio
901 663 1019 695 mea
1058 642 1215 696 bonis
1256 644 1510 695 umbraue
1552 644 1706 696 obsit.

192 743 298 793 305
562 740 735 792 Tzinta
777 740 858 792 uis
899 741 1110 793 sceleris
1151 741 1206 792 in
1248 742 1468 809 cOrpore
1508 740 1706 792 haeret.

1064 836 1218 889 Alius

341 935 607 996 Quidnam
646 934 740 1002 est,
780 932 1037 986 obsecro?
1079 933 1204 1001 quid
1243 935 1296 986 te
1337 929 1533 985 adirier
1572 933 1837 985 abluit-ds?

1452 1014 1512 1028 l

1039 1028 1118 1081 IX
1159 1026 1241 1099 (4)
1360 1026 1450 1049 “s

340 1127 459 1180 Heii
499 1127 627 1195 hen,
681 1146 797 1179 mea
838 1126 1100 1195 Fortuna,
1152 1129 1211 1178 ut
1259 1127 1439 1179 omnia
1486 1124 1544 1178 1'n
1599 1145 1681 1179 me
1729 1126 2098 1195 conglomeras

1330 1223 1491 1275 mala!

1057 1319 1106 1371 x
1149 1317 1232 1390 (3)

541 1459 552 1470 .
607 1417 766 1486 quiin]
792 1416 923 1469 mihi
948 1416 1238 1468 maximum
1263 1415 1421 1469 hodie
1446 1416 1532 1468 hic
1559 1414 1847 1485 contigerit
1881 1417 2097 1468 malum.

332 1573 443 1614 VIII
482 1572 644 1614 Cicero
675 1574 813 1614 Tusc.
853 1573 968 1626 disp.
1000 1573 1069 1614 III
1104 1575 1175 1622 12,
1207 1574 1260 1613 26
1300 1571 1470 1625 ‘qualis
1510 1572 1629 1613 enim
1669 1573 1754 1613 tibi
1794 1571 1872 1612 ille
1914 1571 2097 1612 uidetur

195 1629 300 1683 [inc.
325 1630 410 1671 inc.
435 1630 524 1671 sab.
548 1628 728 1682 LVII]?
760 1631 882 1671 Iouis
915 1631 1003 1671 iste
1036 1629 1217 1682 quidem
1249 1642 1491 1682 pronepos.
1543 1630 1715 1669 Tamne
1750 1641 1856 1680 ergo
1889 1629 2100 1669 abiectus

193 1691 376 1740 tamque
412 1687 618 1728 fractus?
649 1687 826 1739 Nolite,
859 1687 1008 1740 inquit
1041 1683 1337 1741 [303—305}
1394 1687 1464 1726 Tu
1497 1690 1566 1737 te,
1599 1686 1826 1739 Thyesta,
1862 1685 2100 1725 damnabis

193 1744 471 1795 orbabisque
503 1743 605 1784 luce
638 1749 823 1797 propter
852 1744 943 1783 uim
975 1742 1163 1785 sceleris
1195 1742 1388 1783 alieni?’
1431 1742 1557 1783 Idem
1590 1742 1645 1782 de
1677 1746 1791 1785 orat.
1824 1743 1897 1782 III
1927 1743 1996 1792 41,
2022 1743 2100 1781 164

193 1800 325 1841 ‘nolo
357 1813 459 1840 esse
491 1801 678 1840 uerbum
710 1801 952 1852 angustius
983 1800 1028 1840 id
1059 1799 1179 1852 quod
1209 1799 1486 1841 translatum
1508 1800 1590 1845 sit,
1623 1812 1756 1852 quam
1791 1799 1955 1840 fuisset
1986 1798 2098 1838 illud

192 1858 421 1910 proprium
454 1870 507 1897 ac
537 1870 685 1897 suum:
724 1854 864 1910 [306].
909 1856 1070 1898 melius
1110 1860 1235 1899 esset
1265 1860 1398 1897 uetas
1437 1856 1651 1908 prohibes
1691 1855 1946 1896 absterres:
1988 1867 2098 1906 quo-

192 1914 314 1954 niam
347 1913 425 1954 ille
458 1913 637 1954 dixerat
666 1913 800 1954 ilico
927 1913 1110 1956 obsit)
1199 1912 1265 1953 IX
1294 1913 1409 1953 Non.
1434 1915 1502 1964 90,
1537 1915 1587 1953 15
1619 1912 2098 1965 ‘conglomerare.

191 1969 450 2020 inuoluere,
480 1970 803 2023 superaddere.
845 1971 1021 2010 Ennius
1051 1970 1219 2011 Tithe
1251 1974 1342 2010 ...²
1377 1969 1603 2021 (thyete
1627 1969 1782 2009 Vrbin.
1807 1971 1887 2010 307
1921 1968 2100 2019 Thye-

195 2030 276 2068 ste
310 2031 415 2067 ante
450 2026 720 2077 Mercerum)
838 2026 879 2066 X
909 2027 1022 2067 Non.
1052 2028 1157 2077 268,
1193 2028 1242 2066 12
1275 2026 1655 2079 ‘0011tingere,
1691 2026 1877 2066 euenire
2005 2025 2094 2064 En-

194 2178 526 2232 Florentinus,
577 2176 791 2234 Probus,
853 2174 1097 2221 Ciceronis
1139 2175 1275 2233 libri,
1333 2177 1424 2220 uisi
1468 2175 1594 2234 quod
1639 2174 1828 2234 suplime
1878 2175 2004 2219 Leicl.
2059 2175 2101 2218 B

194 2247 416 2307 supplime
454 2248 560 2292 Pal.
601 2248 658 2291 (Ie
697 2262 742 2291 u.
784 2248 828 2291 d.
867 2246 928 2292 II
961 2245 1052 2303 25,
1094 2246 1158 2292 65
1287 2245 1447 2290 cadens
1501 2246 1631 2290 Viml.
1671 2247 1727 2289 (le
1766 2261 1810 2290 n.
1853 2247 1896 2289 d.
1938 2244 2028 2290 ΙΙΙ
2048 2244 2098 2301 4,

198 2319 279 2376 10,
318 2331 426 2364 mss.
473 2319 602 2364 Voss.
631 2317 804 2376 Apulei
908 2317 1120 2362 inuocant
1159 2330 1287 2362 corr.
1326 2329 1390 2362 ex
1426 2317 1607 2360 inuocat
1633 2316 1761 2361 Leicl.
1795 2316 1834 2359 B
1872 2317 1930 2360 cle
1968 2317 2100 2361 deor.

195 2394 294 2434 nat.
333 2389 390 2435 11
428 2387 476 2447 2,
503 2387 534 2432 4
574 2394 737 2434 uocant
774 2389 948 2434 Festus
987 2393 1029 2433 et
1067 2388 1257 2434 Probus
1399 2386 1499 2433 303
1540 2399 1640 2446 sqq.
1683 2387 1919 2432 bcceclzeos
1957 2400 2100 2446 aquo-

197 2462 263 2505 uit
302 2460 554 2506 Bentleius
679 2458 800 2504 adire
840 2459 957 2505 Gud.
999 2461 1045 2503 in
1085 2471 1265 2504 rasura
1383 2456 1485 2502 ilico
1524 2457 1713 2518 Lussom.
1754 2456 1783 2503 3
1827 2457 1888 2503 13
1929 2456 1994 2502 35
2036 2456 2099 2502 36

197 2530 262 2576 93
301 2529 420 2576 illico
460 2531 624 2575 eadem
661 2543 807 2574 manu
846 2535 1178 2588 compunctum
1218 2528 1336 2574 Gud.
1377 2532 1424 2574 in
1470 2528 1604 2573 Tuse.
1646 2527 1763 2573 illico
1803 2530 1944 2588 uulyo
2028 2528 2099 2572 isti

196 2601 321 2646 Pitlz.
363 2601 555 2648 Monac.
596 2601 678 2645 ista
719 2606 818 2645 tres
860 2600 1013 2646 Ooeon.
1057 2601 1188 2645 istinc
1224 2601 1318 2646 duo
1361 2599 1514 2645 Oxou.
1558 2599 1676 2644 Gucl.
1716 2600 1742 2644 b
1786 2599 1944 2654 Tusa,
1998 2599 2101 2643 We-

197 2673 475 2731 senberyius
513 2672 710 2716 Emend.
742 2669 835 2716 Cio.
867 2672 1019 2730 Epist.
1041 2685 1094 2729 p.
1126 2669 1224 2715 124
1264 2671 1363 2715 istic
1402 2684 1508 2715 eum
1534 2683 1631 2715 ras.
1663 2669 1814 2715 Bern.
1853 2670 1955 2714 istic
1983 2670 2107 2715 Gucl.

197 2743 316 2802 Req.
359 2743 520 2788 Brux.
561 2745 607 2787 iu
653 2741 792 2787 Tuso.
822 2741 1022 2788 Baitero
1062 2747 1195 2799 teste,
1233 2743 1428 2787 Abrinc.
1471 2740 1575 2785 Erl.
1615 2742 1673 2786 de
1711 2755 1781 2786 or.
1822 2741 1940 2785 istim
1975 2741 2102 2786 Bou-

196 2814 378 2858 hierius
449 2813 573 2870 istic,
612 2811 675 2856 Ne
706 2849 716 2859 .
746 2845 758 2857 .
788 2849 798 2859 .
840 2811 978 2869 obsit,
1021 2812 1173 2857 Stetis.
1217 2818 1336 2857 tanta
1375 2810 1718 2857 Lachmannus
1754 2813 1803 2855 in
1843 2811 1987 2856 Luer.
2018 2810 2104 2855 ΙΙΙ

198 2882 300 2929 880
444 2882 543 2930 305
583 2882 680 2928 Meo
720 2889 840 2928 tanta
880 2884 946 2927 uis
987 2882 1170 2928 sceleris
1210 2882 1253 2927 in
1293 2895 1485 2942 corpore
1525 2881 1679 2927 haeret
1718 2881 1982 2938 Bentleius,
2023 2883 2102 2925 cui

197 2955 408 2999 adsensit
456 2954 837 3013 Wesenberyius.
913 2954 1027 3012 Ipse
1075 2955 1181 2999 olim
1219 2959 1435 2999 extremo
1486 2965 1632 2997 uersu
1679 2965 1778 2997 meo
1819 2953 2000 3008 addidi,
2054 2956 2103 2995 ut

197 3028 473 3070 tetrameter
510 3026 720 3070 creticus
754 3025 920 3081 fieret;
955 3023 1083 3069 uobis
1118 3026 1384 3082 praemittit
1413 3023 1703 3083 Seyffertus.
1756 3022 1852 3068 Sed
1883 3022 2101 3080 fortasse

197 3095 326 3140 nullo
364 3107 486 3152 opus
524 3101 594 3139 est
632 3095 981 3151 additamento,
1030 3097 1073 3140 si
1109 3096 1293 3153 quidem
1333 3099 1443 3152 post
1482 3096 1710 3138 creticum
1749 3094 1996 3137 dimetrum
2034 3093 2101 3136 di·

198 3165 474 3211 trochaeum
504 3167 667 3222 posuit
699 3170 862 3222 poeta.
1009 3163 1108 3211 306
1149 3164 1256 3224 quid
1294 3164 1490 3209 Abrine.
1531 3164 1637 3209 Erl.
1678 3165 1703 3208 b
1745 3161 1865 3222 quod
1905 3162 2098 3220 Laqom.

198 3235 308 3294 aliq.
420 3234 582 3280 adirier
622 3235 860 3280 Valzlenus
897 3234 1007 3279 adiri
1037 3237 1262 3294 plerique
1297 3236 1411 3280 libri
1445 3233 1565 3279 abire
1599 3234 1795 3279 Abrine.
1836 3233 1939 3276 Erl.
1980 3232 2005 3276 b
2045 3232 2102 3275 cle

199 3320 269 3351 or.
308 3304 418 3349 adiri
458 3311 543 3349 tam
583 3305 688 3350 olim
727 3308 922 3351 conieci.
1002 3304 1075 3350 An
1114 3305 1220 3364 quid
1260 3311 1303 3350 [o
1343 3303 1528 3349 abnutas
1568 3303 1675 3348 adiri
1717 3316 1882 3347 uerum
1921 3304 2023 3345 est?

200 3381 385 3420 renutas
424 3375 672 3421 Bentleius
779 3375 879 3422 307
920 3376 1009 3421 heu
1047 3376 1135 3420 heu
1177 3376 1367 3422 Vossius
1405 3375 1491 3420 heu
1532 3375 1688 3419 Vrbiu.
1730 3385 1785 3416 eu
1823 3373 1973 3416 ceteri
1995 3370 2104 3415 libri

202 3444 318 3490 eheu
354 3444 699 3491 Lachmaunus
735 3448 783 3490 in
819 3446 965 3491 Luor.
1007 3447 1039 3492 Ι
1072 3445 1175 3493 360
1318 3445 1542 3506 glomeras
1592 3443 1650 3488 W
1695 3441 1853 3486 Vrbin.
2001 3439 2101 3486 308

202 3528 332 3574 quam
368 3515 477 3561 mihi
514 3517 701 3562 maxime
746 3515 818 3561 hie
855 3506 988 3562 ho'die
1024 3517 1136 3562 libri
1180 3529 1310 3576 quam
1357 3515 1592 3560 maximum
1641 3511 1727 3557 etsi
1765 3511 1836 3557 hic
1874 3511 1931 3556 mi
1969 3509 2102 3556 hodie

201 3584 406 3630 Bothius
443 3583 490 3630 2.
599 3586 672 3630 An
711 3599 848 3645 quom
886 3586 992 3631 mihi
1031 3600 1070 3632 e.
1113 3602 1154 3646 q.
1193 3589 1266 3631 52?
