2294 3844
185 224 252 276 58
980 225 1031 275 Q.
1062 223 1282 265 ENNIVs

1030 351 1112 403 III
1153 348 1236 421 (8)

333 450 413 502 Ibi
454 447 581 519 quid
621 452 748 519 agat
786 467 964 501 secum
1003 448 1206 517 cogitat
1243 447 1400 516 parat
1436 450 1606 516 putat.

1036 543 1115 596 IV
1141 540 1224 613 (9)

332 642 628 704 Quemnam
666 645 718 694 te
758 659 870 694 esse
912 638 1108 707 dicam,
1148 639 1238 708 qui
1277 638 1431 691 tarda
1469 639 1527 691 in
1566 622 1780 691 senecta
1819 638 1925 690 —‘?

1054 736 1103 789 V
1131 733 1213 805 (5)

347 835 635 903 Impetrem
674 834 759 885 fac
799 831 890 886 ille
931 833 997 885 ab
1038 833 1216 885 animo
1243 834 1303 884 ut
1342 831 1525 884 cernat
1563 830 1782 883 uitalem
1822 829 2085 900 abigeum.

1027 929 1107 982 VI
1147 926 1230 999 (6)

333 1024 429 1080 Sin
468 1026 767 1079 flaccebunt
807 1025 1162 1094 conditioneS,
1200 1023 1479 1094 repudiato
1522 1025 1574 1075 et
1612 1022 1835 1075 reddito.

1016 1121 1123 1174 VII
1163 1119 1246 1191 (1)

329 1216 539 1288 'Aspice
564 1218 666 1271 hoc
684 1215 950 1271 sublimen
967 1217 1216 1286 candens,
1234 1235 1391 1286 quem
1409 1215 1668 1269 inuocant
1686 1215 1869 1268 01111155
1886 1214 2086 1267 Iouem.

186 797 290 847 299
332 835 340 848 .

185 870 292 921 300

295 1337 364 1377 ΙΙΙ
394 1337 508 1380 Νοιι.
531 1338 627 1387 369,
650 1338 704 1377 25
736 1340 749 1360 ‘
765 1340 988 1389 putare,
1021 1335 1173 1376 animo
1197 1335 1435 1388 disputare
1465 1365 1474 1374 .
1493 1365 1502 1374 .
1522 1365 1532 1376 .
1563 1333 1738 1374 Ennius
1760 1333 1961 1385 Thyeste
1992 1364 2001 1373 .
2020 1364 2029 1372 .
2049 1336 2085 1374 .’

294 1393 358 1434 IV
391 1394 551 1434 Cicero
574 1398 686 1433 orat.
709 1395 776 1444 55,
801 1395 882 1434 184
913 1398 1205 1445 ‘quamquam
1238 1394 1376 1433 etiam
1407 1404 1434 1432 a
1465 1390 1612 1431 modis
1643 1389 1916 1443 quibusdam
1947 1393 2088 1430 cantu

184 1454 354 1491 remoto
396 1449 545 1491 soluta
585 1462 683 1490 esse
723 1449 934 1489 uideatur
973 1450 1118 1490 oratio
1156 1480 1165 1489 .
1193 1479 1203 1490 .
1229 1480 1238 1489 .
1283 1461 1472 1501 quorum
1510 1447 1677 1487 similia
1716 1450 1824 1488 sunt
1864 1446 2086 1499 quaedam

187 1508 326 1547 etiam
357 1507 478 1559 apud
500 1511 698 1556 nostros,
731 1506 859 1546 uelut
880 1506 962 1546 ille
984 1506 1031 1545 in
1053 1506 1254 1558 Thyeste
1280 1501 1402 1559 [298]
1439 1508 1483 1544 et
1505 1517 1621 1557 quae
1646 1506 1920 1556 sequuntur:
1953 1515 2084 1555 quae,

184 1564 272 1604 nisi
304 1576 403 1603 cum
434 1563 607 1603 tibicen
640 1563 857 1610 accessit,
901 1563 1120 1603 orationis
1153 1566 1258 1602 sunt
1290 1562 1468 1602 solutae
1501 1560 1768 1600 simillima.’
1829 1559 1888 1599 cf.
1923 1559 2088 1600 Varro-

183 1621 254 1660 nis
285 1624 370 1660 sat.
402 1617 510 1671 περὶ
542 1613 781 1673 ἐξαγωγῆς
815 1617 888 1669 (fr.
921 1619 985 1660 IV
1017 1633 1059 1672 p.
1093 1620 1172 1660 195
1204 1617 1273 1671 R.)
1307 1617 1430 1671 apud
1459 1618 1572 1660 Non.
1606 1618 1710 1664 336,
1743 1617 1796 1656 27
1829 1615 2088 1668 ‘quemnam

185 1685 229 1717 te
261 1689 359 1716 esse
395 1675 566 1728 dicam,
610 1676 709 1716 fera
741 1676 817 1728 qui
848 1679 1012 1715 manu’
1046 1689 1084 1718 e.
1119 1688 1159 1728 q.
1192 1688 1227 1715 5.
1365 1675 1402 1714 V
1433 1674 1549 1715 Non.
1581 1675 1684 1719 261,
1720 1675 1769 1713 15
1803 1676 2086 1720 ‘cernere‚

183 1733 386 1774 iudicare
416 1764 425 1773 .
445 1764 481 1774 ..
511 1733 687 1773 Ennius
719 1733 920 1784 Thyeste
951 1762 988 1773 ..
1009 1735 1043 1773 .'
1130 1732 1193 1771 VI
1223 1732 1339 1772 Non.
1375 1732 1476 1781 110,
1501 1733 1552 1771 15
1583 1729 1843 1778 ‘flaccet,
1877 1728 2086 1782 languet,

184 1789 333 1830 deficit
362 1821 372 1832 .
391 1821 399 1829 .
418 1821 428 1831 .
448 1821 457 1831 .
486 1790 663 1829 Ennius
694 1789 898 1841 Thyeste
930 1792 1022 1830 ...³
1139 1789 1224 1830 VII
1255 1789 1422 1828 Festus
1453 1801 1497 1840 p.
1528 1787 1612 1827 306
1642 1788 1703 1826 Μ.
1744 1784 2083 1826 ‘sublimem’

185 1847 337 1895 (immo
376 1844 680 1897 sublimen)
722 1849 819 1886 ‘est
859 1846 906 1885 in
948 1845 1240 1887 altitudinem
1281 1844 1473 1894 elatum,
1511 1846 1561 1883 ut
1592 1842 1767 1882 Ennius
1808 1842 1855 1881 in
1885 1841 2088 1894 Thyeste

191 1933 228 1944 ..
246 1906 283 1944 ‚²
326 1902 487 1944 Cicero
519 1903 572 1943 de
605 1907 698 1942 nat.
732 1902 853 1942 deor.
887 1902 932 1942 II
964 1904 1012 1953 2,
1043 1903 1068 1941 4
1109 1901 1239 1953 ‘quid
1280 1901 1399 1941 enim
1430 1903 1583 1953 potest
1616 1911 1715 1940 esse
1756 1901 1848 1938 tam
1881 1902 2089 1951 apertum

221 1990 257 1999 ..
289 1973 389 2000 cum
421 1959 598 2000 caelum
629 1959 916 2011 suspeximus
953 1989 963 1999 .
1067 1971 1200 2024 quam
1234 1971 1333 1998 esse
1368 1956 1551 2009 aliquod
1581 1969 1749 1996 numen
1779 1986 1788 1995 .
1814 1954 2009 2007 ..quod
2040 1955 2089 1995 ni

183 2017 251 2056 ita
285 2020 429 2064 esset,
464 2017 539 2068 qui
570 2015 798 2068 potuisset
830 1989 1035 2055 adsensun
1058 2015 1254 2055 omnium
1286 2014 1437 2054 dicere
1471 2013 1667 2053 Ennius.
1702 2012 1888 2065 aspice’
1922 2025 1960 2052 e.
1985 2023 2027 2064 q.
2049 2023 2087 2052 s.

183 2073 357 2113 Ibidem
389 2048 464 2124 25,
499 2074 551 2112 65
592 2072 738 2111 ‘hunc
770 2072 934 2125 igitm’
969 2071 1047 2122 (sc.
1080 2069 1257 2123 Iouem)
1291 2070 1517 2119 ‘Ennius,
1559 2073 1612 2109 ut
1642 2081 1779 2135 supra
1819 2067 1936 2120 dixi,
1975 2080 2089 2108 nun-

185 2134 325 2182 cupat
355 2131 422 2169 ita
453 2104 636 2169 ’dicensz
671 2129 854 2181 aspiee’
889 2142 925 2171 e.
960 2141 999 2181 q.
1034 2141 1068 2171 5.
1126 2127 1302 2169 Ibidem
1333 2127 1404 2168 III
1435 2127 1812 2179 4‚10‘·p1imnm
1845 2124 1953 2177 fuit,
1987 2137 2088 2164 cum

184 2185 362 2226 caelum
393 2188 779 2238 suspexissemuS,
813 2185 969 2225 statim
1001 2198 1083 2226 nos
1115 2184 1409 2238 intellegere,
1444 2195 1544 2224 esse
1576 2181 1764 2234 aliquod
1784 2194 1966 2233 numen,
2000 2193 2087 2261 quo

184 2242 298 2283 haec
329 2247 562 2295 regantur.
604 2243 672 2282 Ex
703 2242 788 2282 hoc
818 2241 930 2282 illud
965 2242 1128 2281 etiam.
1164 2241 1349 2294 aspice’
1384 2253 1421 2280 e.
1456 2253 1496 2292 q.
1529 2253 1563 2280 s.
1603 2238 1777 2280 Ibidem
1811 2239 1886 2289 16,
1918 2239 1973 2278 40
2010 2237 2090 2278 ‘sit

186 2312 296 2339 sane
330 2299 439 2340 deus
471 2300 569 2352 ipse
600 2298 808 2338 mundus.
863 2299 964 2338 Hoc
996 2298 1128 2338 credo
1160 2297 1272 2337 illud
1305 2309 1402 2337 esse
1436 2295 1697 2336 sublime’
1732 2307 1770 2334 e.
1806 2307 1846 2346 q
1879 2306 1913 2334 5.
1963 2293 2088 2346 Apu-

184 2354 300 2395 leius
340 2356 393 2395 de
434 2355 599 2396 mundo
641 2368 678 2397 5.
711 2357 765 2395 33
798 2368 839 2407 p.
872 2356 954 2395 363
986 2354 1100 2395 Oud.
1163 2355 1417 2394 ‘Romanus
1456 2352 1594 2392 etiam
1636 2354 1776 2404 poeta
1814 2351 1880 2390 sic
1919 2350 2087 2391 sensit.

187 2412 366 2464 aspice’
401 2425 439 2452 e.
465 2425 504 2464 q
527 2424 560 2451 s.
603 2412 778 2451 Probus
810 2411 856 2450 in
878 2412 1014 2463 Verg.
1048 2410 1146 2450 Ecl.
1179 2411 1225 2457 6,
1258 2411 1310 2450 31
1343 2422 1383 2461 p.
1409 2410 1458 2447 11
1490 2407 1607 2449 Keil.
1642 2407 1866 2447 ‘Enniusz
1899 2407 2086 2472 aspice’

187 2481 224 2507 5.
248 2481 288 2520 q
312 2482 346 2511 5
395 2467 696 2508 Contulerunt
727 2466 962 2519 Euripidis
994 2468 1083 2510 inc
1118 2466 1209 2507 fab.
1244 2466 1298 2505 fr.
1329 2467 1410 2506 935
1440 2465 1492 2504 N.
1526 2457 1641 2531 ὁρᾷς
1674 2456 1758 2504 τόν
1790 2459 1920 2526 ὑψοῦ
1952 2456 2086 2505 τόνδ’

188 2516 383 2577 ἄπειρον
415 2517 594 2577 αἰθέρα
624 2537 664 2566 κ.
697 2538 734 2563 τ.
769 2523 807 2564 λ.
840 2521 1009 2564 τοῦτον
1039 2515 1200 2575 νόμιζε
1236 2520 1389 2576 Ζῆνα,
1423 2514 1556 2562 τόνδ’
1590 2514 1711 2574 ἡγοῦ
1742 2512 1879 2561 θεόν.

329 2673 425 2719 297
467 2674 639 2732 cogitet
690 2673 746 2716 W
782 2672 912 2717 Leicl.
1102 2670 1202 2717 298
1252 2677 1430 2716 senecta
1468 2670 1810 2716 Lachmannus
1855 2673 2090 2714 senectute

184 2746 317 2790 libri.-
357 2750 466 2788 (ciale
495 2746 710 2789 uoculem
732 2743 864 2802 fcrri
885 2745 1053 2801 poluit.
1165 2741 1267 2788 300
1305 2741 1373 2786 fac
1398 2741 1473 2786 ille
1514 2741 1755 2787 Vahlenus
1780 2753 1898 2784 mus.
1928 2738 2085 2784 Rlzen.

188 2816 237 2860 X
250 2815 312 2860 VI
337 2814 436 2860 579
466 2814 594 2859 facilc
618 2815 731 2859 libri
758 2814 885 2858 facite
911 2814 1074 2858 Delrio
1166 2811 1370 2869 abigeum
1397 2815 1590 2870 scripsi.
1632 2810 1806 2856 bebium
1833 2811 1945 2856 libri
1980 2808 2088 2854 hali-

188 2893 279 2930 tum
307 2885 475 2930 Iunius
512 2887 560 2929 in
600 2900 686 2945 my.
726 2883 939 2944 “abigeus
974 2874 1251 2942 clusium&
1288 2885 1429 2943 gloss.
1468 2883 1695 2928 Lubbuei.
1738 2878 1968 2940 eabigeuS,
2007 2882 2090 2939 qui

188 2957 370 3001 seducit
405 2969 598 3000 seruum
636 2957 840 3000 alienum
877 2956 954 3000 uel
985 2952 1163 3012 pecus'
1199 2955 1341 3013 yloss.
1372 2954 1712 3009 Hildebruncli,
1754 2953 1862 2996 item
1903 2951 2088 2997 Vatica-

188 3042 298 3071 num
322 3027 378 3070 A.
407 3026 509 3070 Mai
533 3031 657 3070 auct.
689 3028 830 3071 cluss.
876 3026 939 3070 VI
964 3024 1062 3071 501
1172 3024 1498 3069 Praemissum
1534 3024 1645 3069 lzuic
1682 3023 1923 3068 uersiculo
1965 3021 2088 3065 Vali-

185 3099 323 3141 lenus
359 3098 387 3140 l.
423 3098 454 3141 l.
493 3099 773 3153 suspicatur
805 3108 949 3154 posse
988 3097 1084 3140 lale
1123 3096 1257 3153 quid.-
1298 3095 1461 3139 utinam
1502 3092 1624 3154 quod
1661 3099 1705 3137 te
1744 3105 1848 3149 oro,
1890 3091 2089 3150 luppiter

181 3167 351 3225 fuisse,
395 3181 500 3211 cum
526 3169 628 3223 ipsc
656 3168 761 3211 olim
788 3166 1035 3225 impetrem,
1082 3159 1152 3225 [Di
1178 3163 1438 3209 inmortales
1454 3160 1492 3226 ,]
1534 3164 1666 3208 facite
1693 3164 2014 3209 coniecissem.

189 3233 286 3283 301
315 3238 382 3281 sin
410 3237 667 3282 Gulielmus
692 3239 739 3280 in
765 3237 927 3281 Plauti
948 3236 1082 3293 Cupt.
1106 3249 1147 3280 c.
1172 3234 1201 3280 5
1228 3235 1273 3279 in
1299 3236 1410 3280 libri
1510 3233 1610 3280 302
1637 3232 1856 3278 sublimen
1891 3231 2090 3277 Verrius

186 3309 402 3354 Flaccus
441 3313 490 3351 ut
529 3308 730 3361 uidetur,
772 3308 946 3364 Apulei
981 3319 1062 3350 ms.
1104 3306 1458 3360 Benecliclinus,
1503 3305 1722 3362 Scaliyer
1761 3303 1825 3346 acl
1864 3302 2004 3346 Varr.
2031 3302 2089 3346 de

190 3392 242 3422 re
270 3385 387 3423 rust.
410 3393 460 3435 p.
493 3377 591 3423 235
622 3383 809 3422 ueteres
834 3376 1006 3434 Apulei
1027 3377 1176 3421 libros
1203 3381 1476 3420 antestans.-
1515 3375 1581 3433 cf.
1610 3373 1897 3418 Rilsclzelius
1923 3385 2087 3430 opusc.

191 3448 250 3493 II
271 3447 370 3493 463
399 3461 492 3507 sq„
534 3451 615 3507 qui
651 3460 768 3493 sane
816 3459 903 3492 nec
930 3446 1118 3491 Klotzio
1157 3444 1240 3503 (acl
1268 3445 1461 3491 Terenti
1494 3446 1726 3489 Andrium
1760 3456 1810 3499 p.
1843 3441 1939 3487 197
1967 3439 2088 3502 sqq.)

192 3531 280 3563 nec
331 3519 401 3563 W.
451 3518 688 3577 Wagnem
727 3516 1071 3576 (trunsuclimzs
1119 3516 1178 3574 of
1215 3515 1380 3573 philol.
1430 3528 1526 3561 soc.
1581 3512 1712 3560 1869
1759 3527 1808 3570 p.
1851 3511 1931 3570 15)
1977 3523 2088 3570 per-

192 3591 354 3633 suasit.
404 3586 486 3632 sub
524 3588 690 3633 lumine
728 3601 836 3633 mss.
878 3587 1094 3632 Vossiani
1129 3586 1302 3644 Apulei
1335 3584 1527 3630 sublime
1562 3585 1696 3629 Festi
1732 3584 1864 3641 cod.‚
1911 3582 2090 3641 Apulei
