2294 3844
223 261 321 309 llo
969 263 1026 302 M.
1060 259 1357 302 PACVVIVS

365 387 539 458 Molli,
580 391 669 457 qui
711 394 994 441 consuetus
1035 391 1091 440 in
1133 390 1292 440 armis

367 485 575 537 Aeuom
616 488 771 555 {igere

1152 619 1178 637 «2-

932 677 1115 729 Vlixes

367 775 634 841 Retinete,
674 776 872 825 tenete!
915 771 1170 841 opprimit
1212 773 1381 823 ulcus:

370 869 606 920 Nudate!
647 870 750 920 heu
791 870 1042 920 miserum
1083 888 1188 937 me,
1229 867 1521 919 excrucior!

220 966 326 1016 265
442 964 679 1032 Operite:
722 965 986 1016 abscedite
1028 965 1257 1016 iamiam.

365 1059 587 1111 Mittite:
629 1080 753 1111 nam
796 1064 1083 1112 attrectatu
1124 1063 1176 1112 et
1216 1079 1410 1128 quassu

439 1156 668 1208 Saeuum
709 1156 1044 1224 amplificatis
1085 1157 1335 1209 dolorem.

1067 1252 1116 1304 X
1145 1250 1264 1322 (11)

933 1348 1116 1400 Vlixes

361 1444 627 1512 Conqueri
666 1446 941 1497 fortunam
982 1445 1283 1512 aduersam⁷
1322 1445 1434 1495 11611
1472 1443 1760 1495 lamentari
1798 1445 1968 1496 decet:

360 1540 436 1591 'Id
477 1541 577 1591 uiri
619 1545 699 1592 est
739 1540 995 1609 officium,
1034 1540 1189 1591 fletus
1230 1540 1474 1591 muliebri
1514 1541 1731 1609 ingenio
1773 1541 1999 1592 additus.

1064 1644 1143 1695 XI
1185 1642 1266 1714 (1)

214 1742 321 1792 270
361 1741 706 1792 Barbaricam
746 1744 952 1809 pestem
994 1741 1196 1792 stibinis
1238 1740 1435 1792 nostris
1478 1741 1696 1808 optulit,

360 1835 518 1889 Noua
558 1837 731 1906 figura
770 1837 992 1905 factam,
1034 1837 1371 1888 commissam
1411 1834 1635 1887 infabre.

219 1984 387 2025 doloris
425 1984 803 2026 consuetudinem
843 1997 941 2024 esse
975 1998 1064 2024 non
1098 1983 1474 2025 contemnendam
1520 1983 1799 2035 magistram.
1858 1981 2007 2034 Atque
2038 1982 2118 2022 ille

217 2055 307 2081 non
348 2041 633 2081 inmoderate
667 2054 830 2093 magno
870 2042 915 2080 in
948 2041 1100 2081 dolore
1137 2038 1252 2093 [263.
1287 2038 1402 2093 264].
1454 2040 1618 2092 Incipit
1657 2039 1772 2079 labi:
1815 2038 1981 2078 deinde
2012 2039 2119 2078 ilico

219 2097 385 2138 desinit
420 2095 691 2150 [265-267J.
724 2098 924 2138 Videsne
956 2101 1007 2137 ut
1039 2098 1316 2137 obmutuerit
1338 2110 1428 2136 non
1461 2096 1650 2136 sedatus
1681 2096 1900 2148 (τοι-110113,
1936 2095 2016 2134 sed
2046 2108 2121 2135 ca·

219 2155 418 2207 stigatus
452 2155 588 2193 animi
625 2154 784 2194 dolor?
817 2155 979 2205 Itaque
1013 2155 1058 2193 in
1091 2154 1307 2193 extremis
1327 2152 1503 2205 Niptris
1536 2153 1650 2192 alios
1685 2164 1861 2204 quoque
1894 2152 2118 2204 obiurgat,

218 2210 357 2262 idque
389 2212 586 2250 moriens
619 2208 727 2262 [X].’
779 2210 1016 2250 Charisius
1047 2211 1092 2250 ΙΙ
1124 2224 1166 2262 p.
1201 2212 1280 2250 190
1311 2211 1361 2249 Ρ.
1392 2208 1813 2262 ‘pedetemptim
1845 2239 1882 2248 ..
1903 2237 1911 2244 .
1941 2208 2119 2248 Tullius

219 2267 582 2306 Tusculanarum
606 2267 828 2307 secundo:
864 2267 1262 2319 pedetemptim
1287 2278 1340 2304 ac
1365 2265 1561 2306 sedato
1585 2265 1740 2306 nisu,²
1828 2264 1890 2303 XI
1912 2263 2026 2306 Non.
2048 2265 2119 2310 40,

213 2325 265 2363 32
299 2324 579 2373 ‘infabre,
614 2323 769 2373 foede,
801 2328 850 2362 ut
882 2327 952 2363 est
984 2323 1158 2363 affabre
1190 2322 1396 2374 pulchre.
1428 2322 1477 2360 P.
1512 2322 1675 2373 Niptra
1705 2351 1716 2361 .
1739 2350 1750 2360 .
1777 2324 1812 2359 .’
1864 2320 1988 2360 Idem
2018 2320 2116 2371 248,

213 2381 267 2419 20
308 2380 710 2431 ‘committere‚
754 2379 974 2432 effigiare.
1033 2381 1081 2419 P.
1115 2378 1280 2431 Niptra
1310 2408 1319 2416 .
1344 2409 1353 2418 .
1380 2381 1416 2418 ‚²
1533 2377 1618 2417 His
1657 2376 1866 2416 addenda
1905 2376 2119 2418 uidentur

212 2436 302 2475 inc.
337 2436 430 2475 fab.
465 2435 673 2476 XXXIX.
706 2437 786 2476 XL
821 2440 867 2476 et
899 2436 1095 2476 fortasse
1127 2436 1216 2475 inc.
1252 2437 1339 2474 inc.
1374 2434 1465 2474 fab.
1497 2434 1573 2473 LI.
1608 2434 1704 2474 LII.
1737 2432 1862 2473 LIII.

356 2599 454 2645 261
495 2593 763 2660 consuetus]
800 2598 1010 2657 defendit
1040 2596 1120 2642 CF
1131 2597 1192 2642 W
1212 2596 1419 2642 Mueller
1438 2597 1634 2654 prosocl.
1663 2596 1823 2642 Plaut.
1855 2594 1953 2640 292
1982 2599 2116 2641 omis-

216 2684 315 2714 sum
355 2683 427 2725 es,
469 2684 755 2728 quamquam
786 2675 945 2726 polest
983 2671 1030 2712 iu
1070 2668 1289 2712 clausula
1330 2680 1501 2712 uersus
1527 2667 1724 2712 uerbum
1759 2669 1944 2725 finitum
1980 2679 2116 2711 secu-

217 2747 311 2784 tum
351 2753 471 2784 esse.
522 2740 780 2784 consuetu's
822 2740 1018 2797 Wolfius
1054 2741 1101 2783 in
1141 2739 1214 2782 ecl.
1251 2752 1328 2795 pr.
1371 2739 1603 2782 consueris
1644 2739 1891 2782 Bentleius
1928 2750 2117 2781 cousue-

217 2811 331 2853 ueris
373 2809 555 2854 ‘codex
595 2808 824 2867 optimus'
865 2810 1072 2865 Dauisii,
1116 2809 1314 2866 Wolfius
1350 2811 1396 2852 in
1438 2809 1508 2852 ecl.
1551 2810 1634 2852 alt.
1744 2808 1848 2853 Hos
1886 2813 2115 2865 quattuor

214 2893 389 2925 uersas
429 2879 704 2925 259-262
735 2881 979 2925 Bentleius
1016 2883 1084 2924 sic
1124 2881 1306 2923 censuit
1341 2879 1620 2923 scribendos
1659 2890 1790 2923 esse.-
1829 2885 1878 2922 tu
1917 2889 2116 2936 quoque,

217 2950 364 3006 Vlixe,
404 2945 420 3011 ΙΙ
458 2949 730 3009 Quamquam
771 2952 969 3010 grauiter
1007 2950 1228 2994 cernimus
1269 2950 1433 3006 ictum,
1472 2943 1489 3011 ΙΙ
1528 2948 1652 2992 Nimi'
1704 2960 1843 3008 paene
1881 2948 2028 2991 animo
2067 2960 2116 2992 es

216 3019 355 3076 molli7
396 3021 468 3078 qui
509 3034 591 3064 con
622 3016 638 3082 ΙΙ
667 3022 810 3065 sueris
849 3022 892 3064 iu
932 3021 1065 3064 armis
1104 3033 1263 3063 aeuum
1300 3032 1434 3079 agere
1544 3018 1642 3064 263
1681 3020 1947 3076 retinetene,
1987 3030 2113 3062 corr.

218 3090 407 3133 retinete
448 3097 596 3134 tenete
638 3090 755 3135 Gucl.
884 3091 1096 3149 opprimit
1150 3090 1341 3134 Vossius
1380 3090 1618 3148 opprimite
1654 3089 1766 3133 libri
1907 3086 2007 3133 264
2047 3100 2115 3130 1110

215 3160 425 3203 miserum
466 3162 576 3218 aliq.
614 3161 736 3215 libri,
779 3161 1044 3217 Remmius,
1083 3161 1249 3204 melius
1287 3162 1337 3203 ui
1356 3159 1396 3216 f.
1510 3158 1609 3204 265
1650 3157 1900 3215 abscedite,
1944 3158 2114 3201 iamiam

215 3258 445 3302 Dauisius
542 3257 641 3303 266
669 3264 886 3302 atrectatu
914 3259 1031 3317 Req.
1058 3273 1116 3302 m.
1151 3258 1175 3301 1
1198 3258 1315 3303 GucI.
1417 3256 1515 3302 269
1545 3233 1703 3310 additis
1742 3255 1860 3299 Gud.
1902 3253 2115 3298 additu'st

216 3327 478 3372 Bentleius.
520 3327 700 3372 Probat
739 3328 1102 3386 Wesenberqius
1125 3328 1319 3372 Emend.
1355 3326 1492 3371 Tusc.
1522 3326 1578 3370 ΙΙ
1593 3340 1648 3383 p.
1677 3325 1742 3371 46
1769 3323 1959 3380 addituS,
1990 3325 2117 3383 quod

208 3400 422 3454 potuerit
449 3399 634 3455 quidem
660 3400 832 3442 iterari
857 3405 942 3454 est,
969 3399 1054 3442 secl
1077 3412 1170 3443 non
1197 3408 1396 3441 necesse
1418 3395 1589 3453 fuerit.
1625 3394 1802 3439 additur
1826 3396 1958 3439 malit
1991 3395 2112 3439 Bue-

218 3468 440 3512 chelerus
549 3467 649 3514 270
687 3466 857 3511 subinis
887 3468 1034 3511 Bern.
1064 3468 1088 3511 b
1120 3482 1169 3525 p.
1200 3465 1324 3511 248:
1365 3465 1429 3523 cf.
1461 3465 1604 3510 Pauli
1627 3465 1800 3510 Festus
1838 3478 1884 3508 u.
1911 3462 2111 3522 sybinam

214 3551 262 3593 p.
292 3537 391 3582 336
419 3537 485 3582 M.
513 3537 692 3582 sabinus
721 3540 871 3583 ceteri
891 3538 1003 3582 libri
1026 3551 1074 3594 p.
1106 3536 1205 3582 248
1233 3534 1418 3580 nauibus
1443 3537 1556 3581 libri
1574 3550 1623 3593 p.
1652 3534 1720 3581 40
1817 3533 1982 3593 optulit
2005 3534 2116 3579 libri

209 3620 262 3663 p.
278 3605 376 3652 248
405 3614 559 3666 optum
580 3609 710 3653 Leicl.
731 3623 783 3666 p.
802 3607 870 3655 40
891 3606 1056 3652 obtulit
1076 3610 1226 3651 ceteri
1244 3606 1410 3651 ibidem
1495 3605 1592 3651 271
1621 3618 1784 3650 nouam
1810 3602 1954 3664 figura
1978 3603 2112 3650 satam
2178 3616 2184 3622 ·
