2299 3803
1011 276 1063 315 L.
1097 273 1316 315 A‘r'rlvs
2009 269 2113 320 219

1077 406 1123 457 V
1167 404 1249 474 (7)

360 491 553 554 thnae
594 522 715 554 nam
760 501 1015 554 nobilitas
1055 503 1160 554 late
1203 521 1265 553 ex
1306 498 1470 567 stl'rpe
1512 501 1779 566 praeclara
1824 499 2032 565 euagat.

1060 598 1136 651 VI
1182 596 1265 668 (8)

1230 696 1402 745 uenus
1444 693 1623 744 nouod
1665 694 1929 744 aminculo

212 794 318 844 ⁴345
358 793 594 844 'Adtwnu
641 793 819 843 animo
862 792 1047 843 audz'uri
1091 792 1140 842 in
1187 791 1414 841 medium
1459 789 1683 857 proripit
1726 791 1838 840 ses&
1879 790 2040 839 ferox.

1048 888 1153 939 Vll
1196 886 1278 956 (6)

360 986 497 1037 'Alia
538 986 623 1037 hic
665 985 968 1037 sanctitudo
1011 988 1112 1053 est,
1153 984 1294 1036 aliud
1338 985 1534 1034 nomen
1575 985 1628 1034 ct
1667 984 1867 1033 numen
1908 981 2064 1033 Iouis.

1036 1095 1169 1148 VIII
1212 1093 1294 1165 (2)

360 1194 531 1246 Video
573 1195 671 1262 e'go
714 1197 788 1261 tc,
828 1194 1039 1261 mulier,
1079 1195 1224 1245 mose
1265 1192 1555 1243 multarum
1597 1191 1758 1258 litier,

361 1290 437 1342 Vt
475 1288 586 1341 usn]
628 1290 920 1341 contendas
961 1293 1109 1341 tuam
1151 1289 1216 1341 {ul
1257 1289 1591 1340 maiestatem
1632 1288 1747 1339 uiri.

214 1456 319 1505 649
374 1497 383 1499 s
1063 1400 1142 1453 IX
1184 1399 1267 1470 (9)

214 1528 322 1580 (550
364 1499 456 1550 set
481 1497 586 1550 nisi
613 1498 858 1550 clamaris
884 1500 1079 1567 regem,
1110 1516 1336 1566 puerum
1363 1498 1571 1548 auferre
1598 1497 1663 1547 ab
1690 1496 1877 1563 regina
1903 1497 2119 1562 occupo.

784 1637 1102 1692 THEBAIS
1179 1637 1317 1691 Vide
1357 1658 1407 1707 p.
1449 1638 1574 1705 214,

768 1733 1105 1788 TROADES
1182 1735 1319 1787 Vide
1359 1755 1409 1804 p.
1454 1734 1555 1786 197

328 1885 365 1923 V
399 1885 513 1926 Non.
545 1885 644 1935 467,
678 1885 730 1924 28
763 1888 965 1935 ‘uagas
998 1897 1076 1935 pro
1109 1884 1294 1936 uagaris
1324 1886 1417 1924 ...²
1514 1883 1578 1922 VI
1608 1882 1719 1922 Non.
1752 1882 1849 1929 425,
1881 1884 1934 1921 23
1968 1879 2121 1919 ‘ferus

216 1946 262 1981 et
294 1941 454 1980 ferox
485 1940 602 1980 hanc
623 1941 796 1980 habent
817 1940 1108 1979 distantiam:
1141 1940 1264 1979 ferus
1299 1944 1368 1980 est
1392 1943 1621 1989 saeu111n‚’
1655 1937 1913 1990 (saeuius
1944 1936 2120 1987 Bamb.)

217 1998 375 2037 ‘ferox
410 1998 576 2036 fortis.'
723 1996 809 2037 VII
840 1997 954 2036 Non.
990 1999 1089 2046 173,
1121 1999 1171 2037 31
1208 1995 1565 2036 ‘sanctitudo
1600 2008 1679 2047 pro
1712 1994 1969 2035 sanctitas)

216 2054 325 2093 VIII
357 2053 470 2092 Non.
505 2055 609 2103 259,
644 2055 666 2092 7
700 2052 1069 2093 ‘contendere
1110 2052 1341 2103 significat
1375 2065 1637 2104 comparare
1667 2055 1761 2092 ...²
1819 2050 1945 2090 Idem
1978 2050 2073 2099 519,
2096 2050 2121 2088 6

217 2114 452 2150 ‘ueterum
493 2109 800 2148 memorabilis
840 2109 1037 2149 scientia
1078 2122 1320 2161 paucorum
1356 2121 1585 2148 numerum
1622 2121 1701 2160 pro
1741 2108 1872 2147 bonis
1903 2106 2121 2158 ponebat,

219 2166 415 2206 multos
449 2170 608 2205 contra
642 2165 788 2205 malos
821 2165 1121 2218 appellabant
1151 2197 1187 2206 ..
1207 2169 1242 2205 ‚²
1359 2166 1421 2204 IX
1445 2165 1561 2204 Non.
1591 2166 1691 2213 3535,
1728 2166 1777 2203 11
1812 2168 2120 2215 ‘occupare

217 2226 287 2262 est
319 2223 499 2275 proprie
532 2223 803 2274 praeuenire
930 2222 1096 2262 Accius
1129 2223 1366 2273 Eurysace
1398 2252 1434 2262 ..
1454 2253 1463 2262 .
1501 2221 1616 2261 idem
1651 2222 1826 2260 Pereo
1856 2251 1864 2259 .
1891 2251 1900 2259 .
1927 2223 1961 2260 .'
1997 2218 2121 2270 (Te-

216 2292 303 2319 reo
335 2278 510 2329 Iunius)
628 2278 822 2326 Dubito,
856 2291 959 2318 num
991 2279 1119 2319 Attio
1150 2279 1349 2319 tribuam
1380 2278 1469 2319 inc.
1503 2278 1593 2318 inc.
1627 2277 1720 2316 fab.
1756 2276 1896 2315 CXLI

208 2460 260 2503 p.
286 2442 387 2491 463
427 2442 557 2487 affare
597 2443 645 2488 cs
679 2444 740 2488 W
770 2444 938 2489 ibidem
1048 2443 1314 2488 famularem
1352 2449 1620 2503 perpetuere
1645 2442 1757 2487 libri
1782 2456 1830 2499 p.
1860 2439 1991 2499 463,
2030 2442 2124 2484 nisi

216 2516 343 2575 quod
383 2520 625 2574 perpetum
665 2515 828 2559 Bamb.
942 2513 1042 2560 643
1082 2514 1222 2560 famae
1251 2514 1442 2559 Grotius
1481 2513 1639 2557 samam
1664 2514 1776 2558 libri
1883 2511 1979 2556 Pro
2003 2525 2121 2569 par-

222 2587 367 2631 ticula
396 2598 522 2642 nam,
564 2588 702 2630 euius
727 2587 965 2631 insolitam
1001 2587 1359 2631 collocationem
1405 2588 1451 2629 in
1497 2587 1730 2644 qlossario
1770 2588 1940 2628 notare
1980 2587 2122 2640 atque

215 2655 264 2702 z'n
291 2657 627 2701 dubitationem
654 2669 836 2701 uocare
874 2670 967 2701 non
995 2658 1332 2716 neglexeram,
1369 2654 1522 2714 facile
1561 2656 1637 2700 uel
1665 2668 1783 2699 nune
1820 2654 1899 2698 uel
1935 2653 2019 2697 iarn
2047 2653 2121 2696 uel

217 2727 332 2771 euim
358 2727 645 2771 substituere
661 2730 831 2785 possis
864 2728 926 2772 Et
946 2739 1208 2772 sermonem
1236 2733 1280 2771 et
1307 2729 1589 2772 sententiam
1613 2727 1829 2783 corrupit
1849 2724 1902 2768 L.
1918 2723 2123 2768 Mueller

217 2798 274 2841 cle
310 2810 365 2841 re
403 2812 459 2841 m.
491 2795 591 2840 442
631 2796 837 2842 seminam
864 2799 1154 2843 coniciendo.
1197 2797 1376 2842 samam:
1413 2811 1538 2853 nam,
1578 2802 1628 2841 ut
1649 2795 1817 2853 famae
1842 2806 2010 2840 nomen
2037 2805 2121 2837 ex-

214 2869 436 2924 plicetur,
466 2867 799 2913 Bueclielerus
905 2868 995 2912 late
1035 2869 1226 2914 Grotius
1263 2867 1349 2912 lata
1387 2868 1499 2913 libri
1608 2867 1720 2925 tirpe
1759 2866 1818 2910 W
1923 2863 2122 2924 preclara

218 2939 386 2983 Bamb.
505 2936 605 2982 645
645 2937 797 2982 nouod
835 2938 1058 2983 auunculo
1099 2942 1283 2984 conieci
1319 2951 1440 2983 nouo
1468 2937 1636 2982 dabunt
1673 2937 1785 2981 libri
1820 2948 1940 2979 nouo
1970 2931 2122 2977 habitu

219 3008 475 3053 Mercerus
513 3021 628 3052 noua
677 3007 798 3052 <labit
836 3009 1040 3054 Botlzius
1077 3022 1198 3054 nouo
1239 3008 1293 3053 de
1331 3007 1517 3052 latibulo
1558 3010 1678 3053 coni.
1721 3007 2053 3051 Biceclzelerus

218 3077 317 3124 646
355 3091 516 3123 nomen
552 3084 597 3122 et
631 3077 798 3123 n'umen
833 3078 1008 3125 Aldina
1039 3093 1202 3124 nomen
1239 3085 1283 3124 et
1320 3092 1482 3123 nomen
1515 3079 1628 3124 libri
1663 3089 1825 3122 nomen
1873 3089 1922 3120 ac
1959 3087 2123 3119 nomen

216 3149 572 3194 Klussmannus
605 3151 652 3193 in
686 3147 826 3194 Ialzn.
865 3155 909 3194 et
944 3149 1104 3195 Klotz.
1142 3150 1314 3194 Annal.
1358 3147 1491 3194 1848
1530 3148 1699 3206 Suppl.
1736 3162 1785 3205 p.
1825 3145 1925 3191 476

219 3217 318 3264 647
355 3231 479 3263 more
516 3233 602 3263 om.
637 3219 813 3264 Geneu.
852 3220 909 3263 W
940 3234 988 3278 p.
1030 3218 1129 3265 259
1169 3233 1291 3264 mora
1333 3220 1390 3263 W
1419 3234 1468 3277 p.
1496 3218 1597 3265 519
1746 3216 1845 3263 648
1884 3217 1972 3261 uim
2013 3215 2125 3259 libri

215 3303 264 3346 p.
298 3288 396 3335 519
437 3302 537 3333 eum
571 3289 684 3334 libri
711 3303 760 3347 p.
790 3288 913 3346 259,
952 3292 1046 3335 nisi
1077 3292 1205 3348 quod
1238 3305 1324 3335 om.
1350 3290 1502 3335 Basil.
1621 3287 1673 3332 ad
1704 3303 1787 3334 om.
1815 3288 1926 3332 libri
1947 3301 1995 3343 p.
2021 3283 2120 3328 259

325 3360 431 3403 uiris
467 3360 580 3404 libri
612 3374 661 3417 p.
691 3358 789 3406 259
919 3359 1018 3405 649
1045 3359 1247 3405 clamaris
1275 3361 1500 3416 Bothius,
1543 3362 1622 3404 cui
1646 3359 1875 3402 iambicus
1901 3360 2118 3413 septena-

220 3432 321 3474 rius
346 3430 566 3474 debetur.-
605 3432 832 3475 immerito
859 3432 978 3475 illud
1000 3431 1274 3488 repudiauit
1303 3430 1453 3476 CFW
1468 3430 1675 3474 Mueller
1699 3431 1729 3473 l.
1759 3430 1790 3472 l.
1823 3425 1886 3471 25
1914 3422 2120 3470 clamoris

218 3499 328 3566 libri
348 3501 567 3558 plerique
593 3500 704 3544 clam
733 3501 911 3546 Genea.
940 3502 1092 3546 Basil.
1132 3500 1354 3545 clamarim
1390 3501 1581 3546 Vossius
1687 3498 1862 3542 auferre
1888 3494 1940 3539 ab
1965 3494 2120 3553 regina

222 3580 392 3627 occupo
431 3583 618 3628 puerum
644 3571 757 3615 libri
792 3570 968 3615 auferre
994 3584 1184 3630 puerum
1222 3570 1274 3615 ab
1300 3571 1456 3630 regina
1483 3582 1653 3627 occupo
1683 3567 1883 3612 Bothius
2007 3564 2117 3609 Ver-

144 3653 152 3659 ·
222 3637 384 3693 bprum
411 3640 621 3684 ordinem
660 3643 706 3685 in
745 3641 881 3686 libris
906 3643 1132 3686 traditum
1159 3643 1264 3687 olim
1302 3642 1367 3685 ita
1397 3640 1667 3695 seruabam,
1708 3642 1758 3682 ut
1789 3640 1898 3694 post
1924 3634 2007 3679 nisi
2046 3637 2116 3681 in-
