2299 3803
619 253 702 295 EX
731 253 1017 296 INCEnTIs
1051 252 1449 294 INCER'PORVM
1484 251 1745 292 FAnx'LIs
2035 250 2134 299 241

1008 384 1190 437 xxvi
1235 381 1354 454 (27)

380 484 486 537 Vbi
528 482 813 535 initiantur
854 484 1039 551 gentes
1082 501 1296 534 orarum
1336 480 1554 532 iiltiniae

1084 599 1297 653 XXVII

384 696 511 769 [Sne.
553 701 648 768 ops
690 699 891 768 euadit,
935 696 1065 769 [sed]
1111 716 1209 767 ego
1252 714 1414 766 egens
1456 696 1669 747 exortus
1712 713 1843 746 snm.

313 975 337 1006 Γ
1069 914 1311 966 Phoenix

270 976 343 1101 {g
386 1053 394 1063 .
438 1054 447 1064 .
490 1054 499 1063 .
541 1030 652 1064 non
692 1013 860 1063 multa
900 1029 1109 1080 peccas:
1151 1008 1237 1062 sin
1276 1027 1487 1078 pecca&
1527 1011 1578 1059 te
1621 1009 1802 1076 regere
1845 1025 2076 1075 possum.

1017 1121 1202 1174 XXIX
1244 1119 1363 1191 (19)

1123 1218 1262 1270 Aiax

382 1317 552 1369 Video
593 1320 669 1386 te,
710 1317 893 1370 uideo:
936 1314 1081 1384 uiue,
1123 1315 1330 1384 Vlixes,
1372 1314 1498 1366 dum
1538 1314 1681 1366 licet:

383 1413 564 1466 Ocuh‘s
606 1417 935 1483 postremum
975 1414 1158 1465 himen
1199 1411 1466 1463 radiatum
1507 1412 1655 1479 rape!

237 1562 423 1603 iambici
456 1563 502 1602 in
546 1563 788 1615 tragoedia
830 1562 1110 1614 exemplum,
1154 1574 1254 1600 nani
1297 1560 1460 1599 dubius
1501 1563 1574 1598 est
1605 1558 1720 1597 Attii
1753 1571 1794 1597 u.
1826 1559 1922 1598 697.
1985 1557 2145 1607 Itaque

234 1619 391 1670 procul
424 1619 529 1659 hinc
565 1619 822 1660 habendum
864 1631 965 1658 esse
1008 1617 1218 1657 iudicant
1256 1615 1479 1669 Iosephus
1511 1615 1684 1654 Krauss
1717 1628 1827 1656 mus.
1861 1613 2006 1654 Rhen.
2039 1612 2148 1652 VIII

233 1676 314 1716 532
357 1681 404 1715 et
436 1677 489 1716 L.
522 1676 717 1716 Mueller
748 1675 918 1716 annali.
952 1674 1125 1727 philoll.
1161 1674 1267 1714 1868
1301 1686 1341 1725 p.
1373 1674 1455 1713 432
1491 1685 1559 1723 sq.
1619 1672 1726 1723 Ipse
1767 1674 1905 1724 poeta
1948 1669 2146 1719 fortasse

233 1734 440 1773 senarios
474 1733 611 1773 haec
650 1764 659 1772 .
686 1764 694 1772 .
723 1763 733 1774 .
771 1732 922 1772 cluet
955 1734 961 1782 Ι
996 1728 1248 1770 Mine'rua
1279 1729 1485 1769 dederat.
1528 1729 1688 1768 Martis
1723 1732 1768 1767 et
1788 1728 2028 1767 Mineruae
2053 1725 2148 1765 filia

233 1788 309 1828 uel
334 1790 541 1829 Victoria
566 1789 637 1829 uel
661 1791 819 1829 Virtus
840 1788 914 1828 uel
938 1790 1037 1828 Pax
1059 1787 1150 1827 dici
1173 1791 1369 1839 poterat.
1465 1785 1612 1824 XXVI
1637 1784 1798 1824 Cicero
1822 1784 1876 1823 dc
1901 1788 1991 1823 nat.
2023 1782 2145 1824 deor,

232 1845 253 1884 l
283 1847 361 1897 42,
395 1848 474 1886 119
505 1849 695 1886 ‘omitto
727 1846 1073 1894 Eleusinem,
1113 1849 1322 1883 sanctam
1353 1842 1480 1882 illam
1512 1847 1556 1881 et
1595 1848 1858 1893 augustam,
1904 1840 1997 1879 ubi
2039 1840 2149 1878 ini-

234 1902 476 1942 tiantur’
502 1916 540 1943 e.
561 1916 601 1955 q.
621 1916 654 1942 s.
680 1907 939 1955 ‘praetereo
963 1900 1325 1941 Samothraciam
1349 1912 1494 1951 eaque
1518 1911 1637 1950 quae
1660 1898 1824 1937 Lemni
1851 1894 2108 1950 [XXXVII]
2136 1898 2147 1916 ²

234 1959 450 1999 Fortasse
474 1959 520 1999 in
543 1959 789 2000 Erechthei
812 1958 1051 1997 Ennianae
1077 1956 1261 1996 fabulae
1286 1955 1472 2008 prologo
1494 1956 1645 2008 posita
1669 1955 1867 1995 fuerunt.
1972 1951 2147 1992 XXVII

234 2015 402 2054 Festus
442 2029 484 2067 p.
530 2017 610 2056 190
641 2018 702 2056 M.
747 2019 869 2068 ‘ops
917 2015 1099 2065 antiqui
1139 2013 1380 2063 dicebant,
1424 2025 1557 2065 quem
1598 2024 1717 2051 nunc
1758 2011 2049 2063 opulentum,
2100 2016 2149 2048 ut

234 2071 496 2112 testimonio
531 2077 600 2112 est
632 2085 720 2112 non
754 2072 898 2112 solum
933 2072 975 2110 ei
1008 2070 1281 2110 contrarium
1312 2070 1444 2121 inops
1476 2099 1703 2109 .......
1743 2066 2007 2107 concedit
2048 2079 2148 2117 ego

233 2140 409 2180 egens
442 2142 479 2168 e.
514 2132 570 2168 s.’
610 2128 863 2179 (Lacunam
894 2128 965 2168 his
997 2127 1153 2179 explet
1185 2125 1415 2179 Scaliger:
1449 2125 1539 2165 sed
1574 2126 1740 2164 etiam
1777 2136 1928 2175 cops,
1963 2127 2041 2161 ut:
2077 2124 2146 2165 is)

237 2185 394 2224 Vtrum
427 2186 652 2237 tragicum
684 2199 742 2225 an
777 2186 998 2226 comicum
1031 2184 1089 2223 sit
1114 2183 1316 2222 dubitari
1339 2186 1506 2235 potest.
1550 2180 1598 2220 Si
1630 2186 1753 2221 recte
1788 2180 1974 2219 Homeri
2006 2179 2058 2220 ΙΙ.
2083 2178 2148 2217 IX

233 2243 312 2281 321
348 2254 442 2294 sqq.
477 2242 670 2292 contuli,
710 2246 890 2295 poterat
923 2240 1038 2280 talia
1071 2241 1116 2279 in
1149 2239 1265 2278 Attii
1295 2238 1654 2290 Myrmidonibus
1686 2236 1890 2277 Achilles
1923 2236 2065 2287 queri.

236 2296 432 2338 XXVlII
465 2299 623 2338 Cicero
656 2312 735 2351 pro
767 2300 884 2338 Mur.
907 2299 975 2348 29,
999 2299 1053 2338 60
1086 2302 1216 2336 ‘non
1247 2296 1417 2335 multa
1448 2307 1681 2348 peccas,
1718 2293 1866 2345 inquit
1898 2292 1997 2331 ille
2032 2293 2147 2331 for-

234 2356 456 2394 t1ssimo
488 2356 611 2395 uiro
644 2355 833 2396 senior
866 2355 1162 2407 magister,
1203 2352 1297 2392 sed
1331 2353 1377 2391 si
1416 2363 1644 2404 peccas,
1692 2356 1743 2390 te
1784 2362 1976 2401 regere
2018 2360 2145 2401 pos-

235 2415 380 2451 sum)
443 2411 758 2462 Quintilianus
789 2412 899 2452 VIII
931 2412 972 2462 6,
1005 2413 1059 2452 30
1090 2409 1464 2460 eantonomasia,
1499 2421 1615 2460 quae
1649 2406 1823 2458 aliquid
1855 2418 1935 2458 pro
1968 2406 2146 2445 nomine

234 2469 363 2520 ponit
394 2498 402 2507 .
422 2499 430 2507 .
449 2499 459 2509 .
492 2467 693 2520 (Cicero)
727 2469 823 2521 ipse
851 2473 973 2509 certe
998 2481 1106 2508 usus
1129 2472 1198 2508 est
1221 2466 1306 2505 hac
1327 2465 1564 2505 libertate:
1600 2477 1706 2503 non
1738 2463 1913 2502 multa
1943 2493 1952 2501 .
1972 2493 1980 2500 .
2000 2493 2008 2502 .
2041 2475 2078 2500 m
2096 2474 2148 2500 a·

235 2525 436 2576 gister:
479 2530 688 2565 neutrum
730 2526 848 2565 enim
889 2537 1051 2565 nomen
1094 2529 1162 2564 est
1201 2523 1394 2575 positum
1448 2527 1495 2561 et
1540 2524 1780 2572 utrumque
1827 2518 2145 2570 intellegitur.’

234 2581 509 2622 Phoenicem
550 2583 596 2622 in
635 2582 751 2622 Attii
790 2581 1155 2634 Myrmidonibus
1195 2580 1459 2630 loquentem
1501 2577 1691 2630 agnouit
1721 2575 1985 2616 Ladeuicus
2026 2574 2147 2614 anal.

234 2649 356 2680 scen.
380 2651 421 2690 p.
443 2640 468 2679 3
585 2638 736 2678 XXIX
769 2637 928 2678 CIcero
961 2637 1015 2678 de
1050 2642 1162 2678 orat.
1194 2637 1264 2676 III
1295 2638 1370 2683 40,
1406 2635 1483 2674 162
1516 2634 1705 2684 (dicitur
1737 2633 1790 2672 de
1813 2632 1968 2672 uerbis
2000 2636 2148 2670 trans-

234 2692 363 2745 latis)
397 2698 509 2747 ‘quo
542 2695 587 2735 in
620 2708 786 2749 genere
821 2696 1010 2746 primum
1053 2698 1122 2734 est
1155 2691 1378 2746 fugienda
1401 2690 1742 2732 dissimilitudo:
1786 2689 1903 2729 caeli
1934 2689 2144 2740 ingentes

340 2843 406 2890 43
447 2845 658 2890 horarum
696 2844 856 2890 Leidcl.
884 2845 924 2889 A
938 2844 973 2890 C
997 2860 1054 2888 m.
1087 2844 1111 2887 1
1154 2843 1247 2886 orai
1286 2843 1532 2887 Bentleius
1569 2843 1616 2885 in
1654 2840 1776 2884 Hor.
1817 2852 1966 2882 carm.
2009 2837 2039 2880 I
2061 2836 2144 2893 35,

237 2913 300 2961 29
413 2914 479 2959 44
512 2916 575 2960 sie
615 2929 696 2975 ops
724 2914 899 2973 euadit,
938 2914 1015 2959 sed
1056 2915 1255 2959 conieci.
1296 2913 1501 2956 concedit
1529 2912 1630 2956 cod.
1671 2924 1778 2969 cops
1817 2908 1905 2953 edit
1933 2909 2151 2967 Scaliger

341 2993 574 3031 emortuus
614 3000 711 3030 sum
742 2986 790 3032 Ο.
820 2986 1087 3031 Muellerus
1203 2982 1269 3028 45
1309 2983 1377 3026 sin
1405 2984 1584 3040 scripsi
1619 2980 1722 3039 sed,
1763 2994 1848 3025 om.
1878 2981 1933 3037 si,
1964 2978 2151 3023 Halmii
2189 3017 2193 3021 .

237 3057 395 3113 codd,
438 3056 623 3103 Oxonn.
654 3057 747 3117 Οχ,
777 3058 961 3102 Pariss.
995 3057 1017 3100 1
1051 3054 1081 3098 4
1111 3054 1138 3099 7
1180 3052 1258 3098 sed
1298 3053 1333 3097 si
1362 3052 1476 3098 Asc.
1510 3051 1669 3108 1511,
1709 3052 1835 3110 quod
1860 3055 2148 3095 accentuum

237 3129 362 3173 ratio
390 3141 482 3173 non
513 3131 698 3174 tolerat.
799 3140 959 3187 regere
990 3133 1031 3171 te
1058 3123 1245 3169 Possum
1269 3123 1464 3182 frustra
1496 3125 1738 3180 temptaui.
1780 3121 2015 3166 Iumbicos
2042 3133 2146 3176 sep-

237 3201 449 3244 tenarios
496 3234 683 3245 ......
731 3212 822 3244 non
858 3197 995 3242 multa
1035 3196 1213 3256 peccas:
1262 3201 1331 3240 set
1371 3195 1407 3238 si
1445 3193 1625 3253 pcccaS,
1666 3191 1728 3237 Te
1767 3191 1923 3251 regere
1963 3188 2182 3250 possum*

237 3268 582 3315 Fleckeisenus
608 3266 1027 3316 commendauerat
1040 3288 1054 3319 ,ι
1089 3267 1215 3326 quod
1238 3268 1279 3310 .ςί
1303 3268 1513 3311 numeris
1539 3265 1632 3309 illis
1661 3265 1727 3308 uti
1749 3265 1929 3318 liceret,
1960 3262 2144 3305 mallem

240 3353 332 3385 uno
360 3343 602 3387 uersiculo
629 3355 719 3386 nou
747 3340 886 3385 multu
914 3352 1096 3399 peccas,
1137 3335 1214 3381 sed
1250 3337 1287 3380 si
1314 3335 1422 3396 quid
1448 3335 1633 3394 peccas,
1674 3340 1717 3377 te
1754 3345 1911 3392 regere
1945 3329 2144 3390 possum.

379 3409 444 3456 47
486 3411 619 3457 uideo
659 3418 730 3470 te,
773 3411 903 3457 uideo
932 3410 1134 3456 Bollu‘us
1172 3405 1305 3452 uideo
1345 3405 1477 3450 uideo
1516 3411 1561 3449 te
1599 3405 1714 3450 libri
1808 3403 1909 3446 uiue
1944 3401 2055 3446 libri
2089 3401 2146 3444 dc

240 3485 361 3524 orat.
403 3482 554 3526 uiuum
591 3483 702 3528 libri
735 3484 783 3527 in
821 3482 969 3527 Acctcl.
1096 3478 1216 3523 dicet
1256 3477 1449 3523 Vindob.
1477 3476 1526 3520 in
1554 3476 1704 3520 Acad.
1830 3470 1897 3517 48
1937 3469 2145 3515 radiantis
2205 3519 2207 3521 ¹

242 3547 326 3610 (sc.
354 3550 482 3609 solis)
509 3553 731 3599 Muretus
769 3553 882 3599 Var.
908 3552 1038 3597 Lect.
1069 3549 1150 3594 XI
1172 3548 1200 3593 9
1230 3561 1254 3592 e
1293 3547 1486 3593 ‘uetere
1510 3546 1660 3591 llbro’
1701 3558 1784 3589 suo
1911 3554 2018 3601 rape
2058 3555 2143 3587 om,

239 3620 430 3665 Abrinc.
459 3621 647 3682 Layom.
675 3622 706 3667 4
747 3637 853 3683 cape
894 3622 1084 3682 Laqum.
1115 3619 1142 3663 ἶ.)
1166 3682 1170 3685 ¹

322 3707 514 3745 Rmmtcx,
540 3709 671 3741 Scaen.
697 3709 831 3748 fragm.
1738 3712 1790 3749 16
