2299 3803
587 186 670 228 EX
702 187 985 229 INCERTIS
1019 188 1415 230 INCERTORVM
1449 189 1704 231 FABVLIS
1997 190 2101 241 253

997 319 1146 372 LXV
1189 317 1308 389 (35)

200 414 302 466 120
344 414 666 483 Thesprote,
708 416 749 466 si
792 416 909 484 quis
952 417 1213 485 sunguine
1255 417 1494 468 exorta'un
1535 420 1627 469 tuo

340 510 551 563 Prolem
591 509 733 562 inter
773 530 891 563 aras
933 513 1198 565 saierifieas
1240 531 1444 565 sacram
1485 511 1747 582 innnolet,

342 606 479 668 Quid
521 609 741 659 meritus
781 607 865 659 hie
910 608 998 676 sit,
1039 609 1258 661 dubium
1301 610 1352 661 id
1395 628 1462 660 an
1505 611 1750 678 euiqm'un
1792 610 1946 662 fuat?

896 689 906 692 “
977 704 1154 757 LXVI
1196 703 1314 777 (37)

1012 803 1112 853 rite
1153 801 1513 871 Thesprotum
1553 804 1718 872 pudet

341 895 498 948 Atrei
505 940 517 965 ⁷
559 897 698 965 quod
740 898 851 965 ipse
894 916 924 949 a
966 896 1194 951 Tzintalo
1238 899 1397 951 due-(it
1437 917 1622 969 genus

449 983 463 990 l
964 993 1171 1046 LXVII
1214 992 1333 1065 (31)

198 1090 301 1142 125
342 1088 521 1142 ‘Erras
564 1109 727 1142 erras:
771 1110 895 1142 nam
937 1092 1265 1143 exultantem
1307 1095 1357 1144 te
1399 1094 1451 1144 et
1491 1094 1875 1162 praefidentem
1914 1096 2011 1147 tibi

193 1225 258 1273 12,
282 1225 306 1263 2
340 1224 523 1276 ‘itaque
558 1226 682 1264 exire
717 1237 854 1275 aueo,
888 1226 978 1265 ubi
1013 1239 1112 1265 nee
1146 1225 1567 1278 Pelopidarum,
1601 1227 1787 1279 inquit.’
1830 1227 1950 1268 Idem
1974 1229 2095 1273 Phil,

192 1280 301 1320 XIII
322 1283 390 1330 21,
414 1284 466 1321 49
500 1282 699 1321 ‘moueri
734 1282 921 1322 sedibus
953 1282 1055 1322 huic
1087 1283 1188 1321 urbi
1220 1283 1380 1322 melius
1414 1288 1483 1323 est
1514 1287 1650 1335 atque
1685 1285 1729 1324 in
1753 1284 1892 1334 alias,
1927 1286 1966 1324 si
1999 1285 2099 1325 fieri

190 1339 352 1390 possit.
388 1343 534 1378 terras
567 1338 843 1390 demigrare,
886 1338 1004 1377 unde
1038 1339 1405 1379 Antoniorum
1447 1353 1543 1379 nee
1579 1340 1733 1379 faeta
1774 1355 1871 1380 nee
1906 1355 2096 1381 nomen

192 1394 416 1442 audiat,
457 1398 617 1446 quam'
660 1408 696 1434 e,
731 1409 770 1446 q.
806 1408 840 1437 s.
889 1395 956 1434 Cf.
992 1395 1194 1448 Langius
1227 1395 1358 1436 Vind.
1391 1410 1432 1448 p.
1465 1398 1531 1439 34,
1564 1396 1766 1449 Ascripsi
1799 1400 1935 1438 Atreo
1968 1399 2096 1438 Attii.

335 1450 457 1490 LXV
491 1450 729 1491 Charisius
762 1451 824 1490 IV
855 1464 896 1503 p.
920 1452 1002 1491 254
1025 1452 1074 1490 P.
1110 1455 1217 1503 ‘per
1250 1453 1552 1492 transitum
1585 1453 1680 1492 siue
1715 1456 2095 1495 transmutatione

189 1520 504 1559 personarum,
539 1520 638 1548 cum
660 1521 686 1546 a
709 1511 864 1547 nostra
888 1508 945 1547 ad
969 1508 1160 1548 alteram
1183 1510 1426 1549 transimus
1455 1512 1499 1548 et
1522 1522 1603 1561 per
1623 1509 1747 1549 illam
1771 1511 2095 1563 transfiguran-

189 1574 258 1604 tes
281 1563 398 1615 quod
420 1564 625 1604 uolumus
649 1565 909 1613 retinemus,
943 1569 1014 1604 ut:
1047 1564 1120 1603 Th
1137 1578 1228 1617 esp
1242 1569 1387 1604 rote'
1412 1578 1449 1605 e.
1475 1579 1515 1617 q.
1541 1578 1574 1605 s.
1611 1565 1705 1606 ‘hic
1729 1580 1755 1606 a
1779 1579 1861 1606 sua
1885 1567 2092 1620 persona*

190 1617 315 1673 (sua
338 1633 422 1663 om.
457 1620 572 1670 cod„
605 1620 784 1660 addidi:
817 1633 1056 1673 persona
1091 1634 1145 1660 ex
1177 1621 1254 1661 illo
1288 1635 1384 1662 sua
1416 1628 1570 1662 natum
1603 1635 1702 1663 esse
1732 1628 1864 1676 putat
1895 1625 2097 1664 Bueche-

188 1677 331 1728 lerus)
374 1678 449 1716 ‘in
489 1677 627 1717 aliam
668 1690 909 1730 personam
956 1679 1162 1730 transiit,
1206 1683 1254 1717 ut
1293 1683 1512 1730 argutans
1543 1692 1622 1730 per
1659 1679 1784 1719 illam
1818 1680 2094 1728 ostenderet,

189 1733 296 1786 quid
328 1733 466 1773 uellet
498 1735 772 1787 inerepare.’
903 1734 1136 1786 Pelopidis
1179 1735 1292 1775 Attii
1334 1741 1379 1774 et
1417 1735 1502 1775 hoc
1546 1739 1591 1774 et
1632 1748 1827 1788 sequens
1868 1737 1920 1776 fr.
1957 1739 2094 1778 inseri

187 1789 334 1830 uoluit
369 1790 652 1831 Welekerus.
797 1790 945 1830 LXVI
985 1790 1221 1831 Charisius
1260 1792 1322 1831 lv
1355 1805 1397 1844 p.
1428 1793 1510 1831 247
1542 1792 1592 1831 Ρ.
1638 1796 1984 1834 ‘sarcasmos
2026 1800 2096 1834 est

188 1846 439 1899 allegoriae
480 1847 624 1899 figura
667 1846 904 1886 deridendi
937 1860 1078 1886 causa
1111 1846 1237 1898 fieta,
1272 1852 1343 1886 ut:
1386 1849 1491 1887 rite
1532 1879 1541 1888 .
1567 1879 1575 1887 .
1602 1879 1610 1887 .
1651 1862 1849 1901 genus;
1892 1863 1973 1902 per
2011 1850 2095 1890 hoc

190 1904 307 1942 enim
341 1902 439 1941 uult
469 1903 701 1955 intellegi,
741 1903 987 1954 ignobilem
1021 1917 1119 1943 esse
1153 1904 1493 1957 'l'liesprotum.’
1641 1905 1814 1946 LXVII
1847 1905 2007 1947 Cicero
2042 1907 2095 1946 de

188 1964 301 2002 orat.
335 1957 404 1998 ΙΙΙ
436 1961 511 2009 41,
546 1961 624 1999 166
667 1963 796 1999 ‘nam
837 1959 971 2005 illud,
1012 1960 1131 2012 quod
1173 1973 1226 2000 ex
1260 1961 1345 2000 hoc
1377 1973 1545 2012 genere
1576 1962 1780 2014 profluit,
1819 1975 1908 2002 non
1948 1969 2018 2003 est
2050 1966 2094 2002 in

190 2029 278 2056 uno
310 2016 450 2056 uerbo
492 2015 741 2067 translato,
783 2017 859 2056 sed
900 2029 951 2055 ex
994 2017 1201 2068 pluribus
1242 2018 1521 2057 continuatis
1559 2019 1837 2070 conectitur,
1879 2025 1929 2059 ut
1970 2020 2094 2059 aliud

190 2073 388 2123 dicatur,
423 2072 546 2112 aliud
578 2072 933 2124 intellegendum
966 2075 1026 2112 sit
1060 2071 1309 2127 [LXXIVJ.
1370 2081 1510 2125 atque
1542 2073 1672 2114 illud:
1717 2088 1872 2115 erras
1913 2080 2093 2115 erras'

189 2143 227 2170 e.
252 2142 292 2181 q.
319 2142 352 2169 s.
396 2132 606 2181 ‘sumpta
638 2141 683 2168 re
714 2129 848 2169 simili
879 2129 1022 2168 uerba
1057 2131 1154 2169 eius
1188 2131 1252 2170 rei
1286 2131 1470 2183 propria
1501 2129 1717 2184 deinceps
1751 2132 1796 2170 in
1826 2145 1921 2172 rem
1942 2132 2093 2178 aliam,

190 2190 241 2225 ut
271 2186 388 2234 dixi,
422 2186 797 2231 transferuntur.’
839 2185 985 2226 Iulius
1017 2187 1176 2226 Victor
1207 2200 1245 2229 c,
1278 2189 1331 2226 20
1362 2201 1403 2239 p.
1438 2188 1519 2227 252
1553 2188 1628 2229 Or.
1677 2188 1833 2237 (rhett.
1865 2189 1989 2228 Latt.
2022 2190 2094 2232 ed.

187 2242 336 2284 Halm.
371 2254 413 2293 p.
446 2240 546 2293 432)
579 2241 847 2282 ‘translatio
879 2273 888 2283 .
914 2273 922 2282 .
951 2272 960 2282 .
997 2247 1048 2282 ut
1079 2242 1204 2282 aliud
1237 2243 1364 2283 dicas
1398 2249 1442 2283 et
1473 2243 1599 2283 aliud
1632 2244 1986 2297 intellegendum
2019 2247 2093 2294 sit,

187 2304 238 2339 ut
270 2305 341 2338 est
374 2294 603 2351 [LXXIV]
647 2302 692 2338 et
729 2299 953 2351 imperii
992 2300 1272 2340 insistent
1310 2300 1472 2352 iugo.’
1537 2300 1744 2340 Conlatis
1783 2314 1838 2341 ex
1878 2301 2094 2352 Aeschyli

187 2356 346 2409 Agam.
383 2356 489 2396 1610
520 2356 578 2397 Η.
608 2348 691 2395 τὸν
731 2350 786 2396 δὲ
827 2350 891 2409 μὴ
925 2348 1200 2407 πειθάνορα
1235 2349 1395 2407 Ζεύξω
1434 2355 1649 2409 βαρείαις
1689 2349 1794 2397 οὔτι
1833 2352 1897 2411 μὴ
1937 2370 2093 2410 σειρα-

187 2503 269 2535 nec
306 2489 619 2550 Pelopidarum
658 2489 771 2535 sacta
812 2504 959 2550 neque
1000 2489 1154 2534 samam
1195 2490 1368 2535 audiam
1491 2490 1591 2538 120
1631 2491 1897 2551 tliesprothe
1939 2492 2092 2550 Neap.

297 2560 392 2605 121
434 2574 554 2606 arass
587 2564 634 2606 in
671 2563 768 2620 fine
808 2575 979 2607 uersus
1018 2563 1121 2606 eorl.
1161 2575 1256 2606 aras
1296 2576 1469 2607 sacrare
1508 2576 1674 2607 sacram
1705 2564 1774 2607 ecl.
1800 2565 1955 2621 princ.
1997 2576 2092 2607 aras

189 2645 355 2677 sacram
395 2645 568 2676 sacrare
596 2631 851 2678 Fabricius
889 2646 984 2676 aras
1023 2645 1168 2676 sacras
1205 2639 1418 2677 sacratam
1449 2633 1641 2679 Grotius
1678 2634 1803 2678 Bibl.
1844 2637 1950 2678 erit.
1981 2648 2090 2678 nou.

187 2703 266 2747 IV
302 2716 397 2746 aras
435 2716 602 2746 sacram
640 2716 786 2747 sacras
814 2703 1017 2748 Bollzz‘us
1054 2716 1149 2746 aras
1176 2703 1391 2764 sacrilega
1421 2718 1549 2748 manu
1578 2703 1660 2749 CF
1672 2705 1728 2747 W
1752 2704 1958 2749 Mueller
1976 2718 2094 2761 pro-

189 2774 286 2818 sod.
313 2773 471 2817 Plaul.
495 2772 595 2818 526
710 2772 807 2816 122
836 2771 1017 2817 dubium
1045 2787 1098 2817 an
1126 2775 1226 2817 cod.
1256 2773 1438 2818 dubium
1467 2788 1519 2818 an
1549 2774 1589 2819 id
1622 2775 1824 2820 Bolleius
1850 2773 2092 2818 dubiumne

186 2843 229 2887 id
267 2844 459 2888 Grotius
496 2841 736 2887 dubiumne
777 2850 824 2887 ut
855 2844 1194 2888 Bueclzelerus
1253 2844 1363 2889 Vide
1391 2859 1452 2889 an
1480 2844 1746 2902 dubiumne,
1785 2845 1822 2889 ai
1861 2847 2091 2902 seriptum

179 2913 334 2972 fuerit
441 2913 537 2957 fuat
564 2914 821 2958 Fabricius
847 2914 952 2957 olim
980 2912 1052 2957 fiat
1079 2915 1181 2958 cod.
1212 2915 1296 2958 siet
1322 2915 1603 2970 Fabricius,
1634 2915 1888 2960 Pulsclu‘us
1985 2914 2090 2973 quid

186 2985 256 3029 hic
279 2985 338 3028 sit
366 2984 565 3041 meritus²
594 2983 774 3028 dubium
804 2983 1111 3043 liauquaquam
1138 2985 1223 3028 iam
1253 2983 1346 3029 fuat
1373 2985 1579 3031 Mueller
1603 2987 1632 3030 l.
1661 2986 1690 3029 l.
1806 2984 1902 3031 123
1931 2986 2089 3030 merito

188 3055 381 3101 Grotius
420 3055 545 3099 Bibl.
588 3056 691 3099 crit.
734 3069 841 3100 nou.
871 3055 1019 3112 [Vp.
1053 3055 1150 3099 179
1262 3055 1400 3114 pudet
1440 3056 1632 3101 Grotius
1672 3055 1834 3115 pudeat
1861 3057 2016 3114 Neap.
2047 3061 2091 3099 et

185 3138 292 3171 eme,
319 3125 447 3170 Leicl.
565 3124 661 3169 124
701 3126 822 3169 Atrei
851 3125 1183 3170 Bzceclzelerus
1210 3126 1273 3170 rei
1302 3127 1457 3184 Neap.
1486 3140 1595 3172 exe.
1624 3127 1757 3172 Leicl.
1796 3127 1951 3187 generi
1979 3140 2088 3171 con-

184 3198 394 3241 ieceram
503 3192 622 3255 quod
655 3196 809 3253 Neap.
850 3209 891 3255 q.
921 3209 1028 3241 exe.
1055 3195 1185 3241 Ler'cl.
1296 3196 1347 3240 ad
1389 3210 1497 3242 exe.
1526 3198 1652 3242 Leicl.
1764 3196 1894 3241 ducat
1934 3197 2088 3254 Neap.

185 3265 283 3311 duci
324 3280 431 3312 exc.
460 3266 588 3311 Lee'd.
630 3265 782 3311 ductat
808 3267 1009 3314 Bolleius
1035 3265 1157 3311 ducit
1187 3267 1382 3312 *Keilius
1519 3267 1617 3312 125
1658 3280 1779 3311 erras
1818 3269 1959 3312 semel
1999 3281 2084 3311 om.

187 3336 291 3382 Erl.
329 3338 524 3382 Abrinc.
580 3336 696 3382 Υἱοὶ.
737 3337 884 3383 Gudcl.
923 3352 951 3380 a
981 3350 1006 3381 c
1045 3336 1235 3396 Luyom.
1274 3343 1478 3396 praeter
1518 3338 1580 3382 17
1621 3349 1781 3383 omnes
1905 3350 2003 3380 nam
2044 3343 2088 3380 et

186 3405 366 3451 uidente
406 3413 450 3452 te
489 3413 532 3451 et
571 3405 844 3466 praesidente
882 3405 1182 3466 (praesidente
1226 3409 1326 3453 Erl.
1354 3407 1397 3465 b)
1438 3407 1515 3453 tibi
1553 3408 1747 3452 Abrine.
1790 3407 1893 3451 Erl.
1923 3407 1948 3452 b
1987 3420 2086 3450 nani

186 3481 231 3518 et
269 3476 449 3522 uidente
487 3484 532 3522 et
568 3476 851 3537 praesidente
880 3476 956 3522 tibi
984 3477 1085 3521 Erl.
1116 3493 1145 3523 a
1254 3477 1497 3523 violentem
1535 3481 1580 3523 in
1607 3479 1685 3523 illo
1725 3476 1906 3521 uidente
1931 3479 2087 3523 lutere

184 3547 377 3592 uidetur
415 3548 713 3594 Buecheler-0
