2294 3844
1022 251 1072 302 Q.
1106 250 1326 291 ENNIVS
2066 250 2133 301 65

1038 379 1146 432 XII
1187 377 1306 449 (42)

363 478 418 530 Is
457 477 621 528 habet
661 494 915 529 coronam
954 475 1192 528 ustulans
1234 474 1477 527 uictoria.

958 587 1093 640 XIII
1135 583 1378 658 (Neopt.)

980 683 1370 753 Neoptolemus

220 782 328 836 340
366 779 747 851 Plissosophari
796 783 876 833 est
921 779 1058 833 mihi
1104 799 1342 848 necesse,
1391 781 1447 830 at
1484 779 1689 847 paucis:
1738 797 1864 830 nam
1912 779 2130 832 omnino

1431 876 1565 927 haut
1603 876 1793 944 placet.

730 974 862 1028 XIV
903 973 1028 1045 (ine.
1069 974 1170 1026 ine.
1210 973 1317 1025 fab.
1359 970 1622 1042 XXXVI)

221 1073 328 1126 342
368 1071 554 1124 Ardua
595 1074 741 1124 tesca
782 1090 971 1142 aspera
1011 1072 1139 1124 saxa
1177 1073 1315 1123 tuor.

222 1236 335 1277 uitio
366 1234 679 1288 impudicitiae
710 1234 1009 1277 mollesceret.
1063 1233 1132 1275 Ob
1166 1246 1267 1274 eam
1298 1245 1413 1283 rem,
1448 1231 1566 1284 quod
1598 1231 1695 1272 eius
1730 1231 1884 1273 aditus
1916 1238 2133 1286 angusta-

220 1297 294 1332 tus
326 1292 584 1345 parietibus
617 1293 909 1333 occasionem
931 1292 1125 1344 largitur
1157 1290 1398 1331 iuuenibus
1421 1288 1734 1342 petulantibus
1760 1290 2133 1330 antecedentium

221 1362 461 1402 puerorum
493 1348 836 1402 puellarumque
868 1348 1209 1399 uiolandarum,
1245 1347 1350 1400 quia
1382 1359 1471 1386 non
1502 1350 1630 1399 patet
1662 1346 1902 1398 refugium.
1953 1348 2129 1387 Ennius

228 1409 322 1447 ...’
355 1405 517 1446 Cicero
551 1405 605 1445 de
638 1405 711 1446 off.
742 1407 763 1446 Ι
796 1407 871 1458 18,
906 1406 957 1445 61
993 1406 1177 1456 ‘itaque
1210 1405 1255 1443 in
1287 1404 1466 1456 probris
1497 1403 1691 1442 maxime
1723 1403 1771 1442 in
1802 1407 2012 1457 promptu
2047 1408 2130 1452 est,

221 1464 260 1503 si
291 1462 396 1516 quid
433 1462 529 1502 tale
569 1462 658 1502 dici
698 1467 868 1514 potest:
908 1475 989 1502 uos
1031 1463 1151 1501 enim
1181 1462 1374 1501 iuuenes
1415 1460 1615 1500 animum
1656 1459 1816 1511 geritis
1847 1460 2131 1512 muliebrem,

220 1519 303 1559 illa
334 1519 464 1572 uirgo
496 1520 609 1559 uiri'
644 1517 722 1571 (cf.
756 1519 1078 1559 Lachmannus
1110 1520 1156 1558 in
1187 1519 1323 1561 Lucr.
1346 1517 1408 1557 IV
1432 1517 1531 1569 211)
1566 1519 1640 1556 ‘et
1672 1517 1710 1555 si
1744 1516 1851 1568 quid
1884 1517 2132 1558 eiusmodi:

222 1575 510 1617 Salmacida’
545 1589 581 1618 e.
617 1589 658 1629 q.
690 1589 723 1616 s.
841 1575 930 1616 XII
961 1575 1097 1616 Pauli
1127 1576 1296 1616 Festus
1328 1588 1369 1627 p.
1403 1574 1484 1614 369
1515 1574 1576 1613 Μ.
1613 1573 1922 1621 ‘uitulans‚
1955 1573 2137 1615 laetans

222 1633 414 1686 gaudio,
446 1636 498 1672 ut
527 1636 663 1685 pastu
693 1632 899 1673 uitulus.’
959 1631 1220 1673 Alexandro
1259 1631 1422 1671 tribuit
1451 1630 1719 1682 Hartungus
1752 1630 1913 1683 Eurip.
1952 1635 2058 1671 rest.
2091 1631 2135 1671 11

221 1691 319 1732 238.
434 1689 546 1729 XIII
577 1689 735 1730 Cicero
763 1691 897 1730 Tusc.
933 1688 1051 1742 disp.
1077 1690 1122 1730 II
1156 1690 1177 1728 1
1213 1687 1640 1740 ‘Neoptolemus
1673 1686 1853 1739 quidem
1891 1687 2011 1739 apud
2043 1689 2133 1727 En-

221 1747 344 1786 nium
376 1745 774 1799 philosophari
806 1747 917 1787 sibi
948 1747 1028 1786 ait
1059 1758 1294 1786 necesse
1320 1757 1464 1795 esse,
1498 1743 1594 1784 sed
1626 1743 1843 1796 paucis:
1877 1756 1997 1784 nam
2031 1757 2137 1784 om-

222 1803 350 1844 nino
392 1803 540 1843 haud
579 1803 826 1856 placere.
884 1804 982 1856 Ego
1022 1806 1196 1853 autem,
1238 1803 1399 1852 Brute,
1439 1813 1629 1841 necesse
1671 1799 1784 1839 mihi
1824 1800 2005 1853 quidem
2037 1813 2135 1841 esse

225 1860 423 1900 arbitror
463 1859 776 1912 philosophari
807 1891 843 1901 ..
862 1891 871 1901 .
903 1859 981 1900 sed
1012 1872 1101 1900 non
1133 1859 1314 1912 paucis,
1344 1861 1395 1897 ut
1424 1857 1518 1900 ille.
1540 1880 1595 1885 ——
1626 1855 1716 1897 Sed
1749 1860 1902 1898 tamen
1933 1858 1986 1897 in
2017 1859 2136 1897 uita

221 1919 449 1969 occupata
488 1921 649 1969 atque,
698 1920 758 1956 ut
797 1916 1153 1970 Neoptolemi
1199 1919 1309 1955 tum
1356 1918 1500 1966 erat,
1550 1914 1793 1954 militari
1837 1927 1987 1967 pauca
2033 1916 2135 1967 ipsa

222 1973 411 2013 multum
444 1985 583 2026 saepe
623 1977 846 2026 prosunt.’
886 1972 948 2025 (a)
1007 1973 1133 2012 Idem
1174 1972 1228 2012 de
1270 1975 1384 2012 orat.
1421 1971 1468 2012 ΙΙ
1498 1973 1570 2018 37,
1607 1972 1686 2011 156
1728 1974 1810 2010 ‘ac
1849 1971 1916 2011 sic
1951 1970 2136 2012 decreui

222 2029 621 2082 philosophari
658 2031 830 2082 potius,
878 2034 929 2070 ut
966 2028 1292 2082 Neoptolemus
1334 2028 1455 2081 apud
1496 2028 1713 2078 Ennium,
1753 2028 1971 2080 paucis:
2015 2041 2135 2068 nam

223 2087 443 2126 omnino
477 2086 622 2126 haud
655 2086 878 2138 placet.’
912 2086 977 2137 (b)
1029 2086 1156 2125 Idem
1187 2086 1242 2125 de
1275 2099 1368 2137 rep.
1397 2085 1416 2124 1
1452 2085 1525 2136 18,
1559 2087 1613 2125 30
1655 2084 1828 2137 ‘magis
1873 2097 1974 2124 eum
2012 2084 2135 2125 delc-

222 2142 382 2182 ctabat
411 2142 736 2195 Neoptolemus
768 2143 910 2195 Enni,
951 2142 1028 2195 qui
1069 2155 1123 2182 se
1158 2142 1224 2181 ait
1264 2141 1562 2182 filosofari
1593 2140 1763 2189 uelle,
1797 2144 1883 2180 set
1915 2141 2134 2193 paucis:

223 2212 344 2238 nam
377 2201 591 2239 omnino
624 2199 770 2239 haud
803 2200 1056 2252 placere.’
1090 2197 1152 2250 (c)
1197 2197 1373 2238 Gellius
1405 2199 1442 2237 V
1467 2199 1540 2247 15,
1573 2199 1598 2237 9
1632 2198 1917 2237 ‘Ennianum
1938 2197 2137 2250 Neopto-

223 2255 388 2295 lemum
419 2257 739 2308 probabamus,
773 2257 848 2309 qui
871 2255 1081 2308 profecto
1104 2256 1171 2294 ita
1205 2255 1293 2295 ait:
1326 2253 1839 2306 philosophandum
1878 2257 1963 2293 est
1994 2266 2135 2306 pau-

225 2313 330 2352 cis:
372 2325 488 2352 nam
527 2313 747 2353 omnino
788 2313 934 2353 haud
975 2312 1202 2364 placet.'
1262 2310 1438 2351 Ibidem
1479 2311 1549 2362 16,
1583 2312 1608 2350 5
1649 2310 1971 2362 ‘eiusdemque
2012 2309 2135 2350 illius

222 2368 422 2408 Enniani
460 2369 774 2422 Neoptolemi,
813 2369 869 2409 de
910 2382 997 2422 quo
1041 2381 1180 2420 supra
1223 2368 1512 2420 scripsimus,
1555 2365 1746 2407 consilio
1787 2366 2005 2406 utendum
2048 2373 2133 2418 cst,

225 2427 303 2478 qui
342 2426 752 2478 degustandum
793 2440 855 2466 ex
895 2425 1258 2479 philosophia
1299 2427 1514 2473 censet,
1554 2423 1750 2463 nonin
1791 2436 1907 2464 eam
1945 2423 2137 2476 ingur-

225 2483 552 2535 gitandum.'
587 2482 651 2534 ((1)
695 2483 826 2523 Vnde
853 2483 959 2523 olim
981 2482 1121 2522 talem
1142 2494 1343 2521 uersum:
1379 2478 1785 2533 degustandum
1817 2493 1880 2520 ex
1912 2480 1998 2532 ea,
2030 2493 2135 2520 non

222 2538 279 2578 in
318 2552 432 2579 eam
463 2537 928 2593 ingiirgitandum
970 2537 1171 2579 censeo
1205 2538 1503 2578 adiunxeram
1535 2537 1592 2576 ad
1623 2538 1725 2585 340,
1767 2536 1849 2577 sed
1891 2549 2027 2590 aegre
2061 2538 2136 2576 de-

229 2594 455 2636 sideratur
486 2596 804 2649 philosophiae
836 2609 999 2637 nomen
1031 2595 1089 2635 ad
1123 2594 1240 2647 quod
1273 2607 1336 2634 ea
1369 2606 1615 2646 pronomen
1644 2593 1809 2633 referri
1838 2594 2005 2646 possit:
2045 2594 2132 2633 ita—

226 2664 314 2703 que
353 2665 472 2692 nunc
511 2653 766 2694 Mercklino
805 2653 1033 2703 concessi,
1075 2654 1152 2705 qui
1192 2651 1239 2690 in
1278 2650 1448 2691 annall.
1481 2650 1654 2702 philoll.
1689 2649 1911 2703 supplem.
1952 2650 2022 2691 III
2051 2651 2133 2690 668

226 2707 376 2749 Gellio
407 2709 524 2749 haec
555 2709 855 2762 relinquenda
886 2722 986 2751 esse
1019 2709 1210 2750 censuit.
1274 2706 1495 2760 Apuleius
1537 2707 1592 2747 de
1631 2707 1784 2759 magia
1827 2720 1864 2747 c.
1898 2709 1950 2748 13
1981 2720 2022 2759 p.
2053 2709 2136 2747 415

226 2764 342 2806 Oud.
383 2768 465 2805 ‘ne
499 2779 582 2818 ego
615 2779 808 2807 necesse
840 2766 1057 2818 habeam,
1102 2769 1261 2805 contra
1301 2764 1579 2803 sententiam
1609 2763 1901 2816 Neoptolemi
1934 2764 2134 2803 Enniani

226 2821 434 2874 pluribus
462 2822 810 2876 philosophari.'
843 2822 908 2875 (e)
962 2822 1031 2862 Cf.
1063 2821 1275 2862 Platonis
1306 2821 1502 2873 Hippias
1533 2820 1676 2860 maior
1705 2833 1748 2872 p.
1781 2821 1862 2860 286
1894 2821 1945 2861 Β.
1977 2820 2136 2860 Tribui

225 2890 359 2930 posse
390 2878 734 2920 Andromachae
766 2879 953 2921 fabulae
987 2879 1140 2918 monui
1170 2877 1217 2918 in
1249 2881 1425 2929 quaest.
1457 2889 1579 2917 scen.
1604 2890 1646 2929 p.
1670 2877 1766 2917 258.
1837 2876 1946 2918 XIV
1966 2877 2135 2916 Festus

226 2947 269 2986 p.
300 2935 406 2983 356,
435 2936 489 2975 23
518 2936 577 2979 M.
612 2936 863 2977 secundum
890 2935 1167 2977 Vaticanum
1197 2934 1235 2973 R
1266 2937 1387 2974 teste
1417 2934 1696 2974 Mommseno
1727 2933 1776 2972 in
1815 2946 1971 2974 comm.
2003 2932 2134 2975 acad.

225 2990 424 3034 Berolin.
466 3003 508 3031 a.
551 2993 660 3033 1864
698 3007 738 3046 p,
777 2994 832 3033 64
870 2992 1073 3044 ‘templa
1115 2991 1306 3043 antiqua
1352 2994 1515 3030 tesca
1553 3001 1652 3030 esse
1692 2990 1759 3030 ait
1799 2993 1962 3031 cuero'
2004 2989 2052 3041 (i.
2093 3002 2132 3031 e.

230 3045 416 3088 ‘Cicero
447 3048 601 3099 uero')
643 3053 838 3102 ‘aspera
876 3048 1087 3089 difficilia
1118 3048 1260 3089 aditu.
1301 3046 1535 3086 Ennius:
1569 3045 1740 3086 ardua
1771 3059 1829 3086 as
1881 3059 1975 3087 era
1998 3058 2135 3086 saxa

229 3107 320 3144 tuo
333 3106 385 3144 s.'
419 3105 666 3146 secundum
687 3107 921 3147 Vrsinum:
957 3104 1147 3157 ‘templa
1179 3103 1370 3156 antiqua
1395 3102 1403 3155 Ι
1428 3100 1597 3156 [deum.
1632 3101 1793 3143 Cicero
1815 3060 1945 3156 uffero
1968 3114 2135 3154 aspera

230 3159 438 3201 difficilia
467 3161 596 3202 aditu
630 3161 637 3216 Ι
675 3158 812 3216 [dixit
842 3174 943 3202 cum
971 3161 1037 3201 ait
1068 3158 1207 3214 lo]0a
1246 3173 1449 3212 aspera
1489 3172 1624 3200 saxa
1655 3162 1812 3200 tesca
1850 3161 2011 3200 tuor.'
2062 3156 2132 3198 Cf.

373 3341 473 3388 339
512 3343 550 3387 is
585 3341 801 3400 fortasse
839 3343 1115 3388 eiciendum.
1181 3338 1312 3384 1131161
1350 3339 1385 3385 13
1425 3338 1702 3384 Scriuerius
1846 3335 1948 3383 340
1987 3333 2130 3395 philo·

231 3411 411 3471 sophari
449 3419 518 3457 est
554 3412 661 3458 1111111
698 3426 907 3467 necesse,
947 3420 990 3457 at
1032 3412 1243 3468 Vossius,
1286 3409 1354 3468 cf.
1392 3425 1438 3454 a.
1477 3407 1880 3468 philosophandum
1920 3412 2015 3463 est,
2053 3404 2132 3449 sed

232 3482 434 3528 Bothius
471 3495 535 3529 eoe
572 3485 604 3529 d
638 3483 745 3527 mihi
781 3481 1189 3543 philosophandum
1228 3488 1298 3526 est
1334 3481 1565 3526 Dauisius
1695 3484 1771 3522 aut
1806 3476 1956 3521 Later.
2000 3475 2137 3521 Gellii

231 3551 350 3596 haud
389 3557 539 3599 ceteri
679 3551 778 3599 342
819 3555 925 3599 olim
962 3553 1061 3598 loca
1098 3565 1182 3611 ego
1214 3565 1370 3611 aspera
1406 3563 1536 3595 saxea
1576 3555 1695 3594 tesca
1733 3553 1837 3592 tuor
1875 3547 2129 3603 edideram,

234 3634 258 3666 e
284 3623 452 3681 quibus
477 3637 607 3670 saxea
631 3624 857 3671 debebam
886 3623 936 3670 0.
962 3624 1214 3670 Mueller-0.
1267 3622 1340 3667 Αη
1368 3620 1504 3666 ardua
1539 3632 1643 3664 saxa
1669 3631 1824 3678 aspera
1852 3623 1971 3663 tesca
1998 3616 2132 3662 tuor?

317 3708 504 3751 Rimmon,
529 3710 661 3744 Scaen.
687 3711 811 3751 fragm
819 3736 826 3743 .
1754 3716 1779 3755 5
