<?xml version="1.0" encoding="UTF-8"?>
<!DOCTYPE html PUBLIC "-//W3C//DTD XHTML 1.0 Transitional//EN"
    "http://www.w3.org/TR/xhtml1/DTD/xhtml1-transitional.dtd">
<html xmlns="http://www.w3.org/1999/xhtml" xml:lang="en" lang="en">
 <head>
  <title>
</title>
<meta http-equiv="Content-Type" content="text/html;charset=utf-8" />
  <meta name='ocr-system' content='tesseract 3.04.00' />
  <meta name='ocr-capabilities' content='ocr_page ocr_carea ocr_par ocr_line ocrx_word'/>
</head>
<body>
  <div class='ocr_page' id='page_1' title='image "./scaenicaeromano01ribbuoft_0306.png"; bbox 0 0 2294 3844; ppageno 0'>
   <div class='ocr_carea' id='block_1_1' title="bbox 181 257 1283 312">
    <p class='ocr_par' dir='ltr' id='par_1_1' title="bbox 181 257 1283 312">
     <span class='ocr_line' id='line_1_1' title="bbox 181 257 1283 312; baseline -0.004 -12"><span class='ocrx_word' id='word_1_1' title='bbox 181 261 283 312; x_wconf 70' lang='lat' dir='ltr'>:20ss</span> <span class='ocrx_word' id='word_1_2' title='bbox 979 260 1030 298; x_wconf 89' lang='lat' dir='ltr'>L.</span> <span class='ocrx_word' id='word_1_3' title='bbox 1065 257 1283 298; x_wconf 80' lang='lat' dir='ltr'>ATT1vs</span> 
     </span>
    </p>
   </div>
   <div class='ocr_carea' id='block_1_2' title="bbox 331 482 1529 646">
    <p class='ocr_par' dir='ltr' id='par_1_2' title="bbox 331 482 1529 646">
     <span class='ocr_line' id='line_1_2' title="bbox 331 482 1529 555; baseline -0.005 -16"><span class='ocrx_word' id='word_1_4' title='bbox 331 485 579 555; x_wconf 63' lang='lat' dir='ltr'>configit</span> <span class='ocrx_word' id='word_1_5' title='bbox 617 487 802 538; x_wconf 82' lang='lat' dir='ltr'>tardus</span> <span class='ocrx_word' id='word_1_6' title='bbox 844 484 1048 552; x_wconf 74' lang='lat' dir='ltr'>celeriS,</span> <span class='ocrx_word' id='word_1_7' title='bbox 1089 486 1238 534; x_wconf 82' lang='lat' dir='ltr'>stans</span> <span class='ocrx_word' id='word_1_8' title='bbox 1279 482 1529 535; x_wconf 64' lang='lat' dir='ltr'>uolaitilis.</span> 
     </span>
     <span class='ocr_line' id='line_1_3' title="bbox 983 579 1296 624; baseline 0 -15"><span class='ocrx_word' id='word_1_9' title='bbox 983 579 1010 609; x_wconf 59' lang='lat' dir='ltr'>a&lt;</span> <span class='ocrx_word' id='word_1_10' title='bbox 1135 616 1142 624; x_wconf 40' lang='lat'>‚</span> <span class='ocrx_word' id='word_1_11' title='bbox 1269 580 1296 609; x_wconf 56' lang='lat' dir='ltr'>a:</span> 
     </span>
     <span class='ocr_line' id='line_1_4' title="bbox 1126 622 1153 646; baseline 0 0"><span class='ocrx_word' id='word_1_12' title='bbox 1126 622 1153 646; x_wconf 68' lang='lat' dir='ltr'>:gt</span> 
     </span>
    </p>
   </div>
   <div class='ocr_carea' id='block_1_3' title="bbox 183 675 1813 1131">
    <p class='ocr_par' dir='ltr' id='par_1_3' title="bbox 183 675 1813 1131">
     <span class='ocr_line' id='line_1_5' title="bbox 183 675 1622 746; baseline -0.003 -15"><span class='ocrx_word' id='word_1_13' title='bbox 183 681 290 732; x_wconf 74' lang='lat'>540</span> <span class='ocrx_word' id='word_1_14' title='bbox 330 679 433 731; x_wconf 87' lang='lat' dir='ltr'>Pro</span> <span class='ocrx_word' id='word_1_15' title='bbox 475 681 627 730; x_wconf 72' lang='lat' dir='ltr'>ueste</span> <span class='ocrx_word' id='word_1_16' title='bbox 668 678 849 746; x_wconf 76' lang='lat' dir='ltr'>pinnis</span> <span class='ocrx_word' id='word_1_17' title='bbox 889 676 1129 727; x_wconf 72' lang='lat' dir='ltr'>membra</span> <span class='ocrx_word' id='word_1_18' title='bbox 1168 675 1327 727; x_wconf 83' lang='lat' dir='ltr'>textis</span> <span class='ocrx_word' id='word_1_19' title='bbox 1368 676 1622 743; x_wconf 74' lang='lat' dir='ltr'>contegit.</span> 
     </span>
     <span class='ocr_line' id='line_1_6' title="bbox 333 868 1813 936; baseline -0.003 -14"><span class='ocrx_word' id='word_1_20' title='bbox 333 872 534 923; x_wconf 66' lang='lat' dir='ltr'>Contra</span> <span class='ocrx_word' id='word_1_21' title='bbox 575 873 655 921; x_wconf 69' lang='lat' dir='ltr'>est</span> <span class='ocrx_word' id='word_1_22' title='bbox 695 870 929 921; x_wconf 85' lang='lat' dir='ltr'>eundum</span> <span class='ocrx_word' id='word_1_23' title='bbox 971 869 1169 920; x_wconf 72' lang='lat' dir='ltr'>cautim</span> <span class='ocrx_word' id='word_1_24' title='bbox 1209 871 1263 919; x_wconf 87' lang='lat' dir='ltr'>et</span> <span class='ocrx_word' id='word_1_25' title='bbox 1303 868 1627 936; x_wconf 71' lang='lat' dir='ltr'>captandum</span> <span class='ocrx_word' id='word_1_26' title='bbox 1668 868 1813 918; x_wconf 84' lang='lat' dir='ltr'>mihi.</span> 
     </span>
     <span class='ocr_line' id='line_1_7' title="bbox 483 1061 1349 1131; baseline -0.002 -17"><span class='ocrx_word' id='word_1_27' title='bbox 483 1106 492 1114; x_wconf 95' lang='lat'><strong><em>.</em></strong></span> <span class='ocrx_word' id='word_1_28' title='bbox 557 1064 640 1114; x_wconf 88' lang='lat' dir='ltr'>cui</span> <span class='ocrx_word' id='word_1_29' title='bbox 681 1064 920 1131; x_wconf 74' lang='lat' dir='ltr'>potestas</span> <span class='ocrx_word' id='word_1_30' title='bbox 964 1063 1006 1113; x_wconf 73' lang='lat' dir='ltr'>si</span> <span class='ocrx_word' id='word_1_31' title='bbox 1048 1061 1216 1130; x_wconf 75' lang='lat' dir='ltr'>detur,</span> <span class='ocrx_word' id='word_1_32' title='bbox 1256 1064 1349 1112; x_wconf 74' lang='lat' dir='ltr'>tua</span> 
     </span>
    </p>
   </div>
   <div class='ocr_carea' id='block_1_4' title="bbox 333 1157 1567 1228">
    <p class='ocr_par' dir='ltr' id='par_1_4' title="bbox 333 1157 1567 1228">
     <span class='ocr_line' id='line_1_8' title="bbox 333 1157 1567 1228; baseline -0.002 -18"><span class='ocrx_word' id='word_1_33' title='bbox 333 1161 622 1228; x_wconf 56' lang='lat' dir='ltr'>Pupienter</span> <span class='ocrx_word' id='word_1_34' title='bbox 663 1159 817 1209; x_wconf 78' lang='lat' dir='ltr'>malis</span> <span class='ocrx_word' id='word_1_35' title='bbox 859 1159 1096 1209; x_wconf 76' lang='lat' dir='ltr'>membra</span> <span class='ocrx_word' id='word_1_36' title='bbox 1137 1157 1405 1225; x_wconf 51' lang='lat' dir='ltr'>discerpat</span> <span class='ocrx_word' id='word_1_37' title='bbox 1445 1158 1567 1208; x_wconf 71' lang='lat' dir='ltr'>suis.</span> 
     </span>
    </p>
   </div>
   <div class='ocr_carea' id='block_1_5' title="bbox 189 1252 1596 1901">
    <p class='ocr_par' dir='ltr' id='par_1_5' title="bbox 189 1252 1596 1901">
     <span class='ocr_line' id='line_1_9' title="bbox 990 1252 1288 1324; baseline -0.003 -18"><span class='ocrx_word' id='word_1_38' title='bbox 990 1253 1127 1306; x_wconf 88' lang='lat' dir='ltr'>VIII</span> <span class='ocrx_word' id='word_1_39' title='bbox 1168 1252 1288 1324; x_wconf 78' lang='lat'>(13)</span> 
     </span>
     <span class='ocr_line' id='line_1_10' title="bbox 719 1350 1492 1420; baseline -0.001 -18"><span class='ocrx_word' id='word_1_40' title='bbox 719 1351 1067 1420; x_wconf 52' lang='lat' dir='ltr'>caprigenum</span> <span class='ocrx_word' id='word_1_41' title='bbox 1106 1351 1235 1402; x_wconf 81' lang='lat' dir='ltr'>trita</span> <span class='ocrx_word' id='word_1_42' title='bbox 1274 1350 1492 1419; x_wconf 72' lang='lat' dir='ltr'>ungulis</span> 
     </span>
     <span class='ocr_line' id='line_1_11' title="bbox 1018 1459 1258 1532; baseline -0.004 -18"><span class='ocrx_word' id='word_1_43' title='bbox 1018 1461 1095 1514; x_wconf 85' lang='lat' dir='ltr'>IX</span> <span class='ocrx_word' id='word_1_44' title='bbox 1138 1459 1258 1532; x_wconf 74' lang='lat'>(12)</span> 
     </span>
     <span class='ocr_line' id='line_1_12' title="bbox 189 1558 1596 1628; baseline -0.002 -16"><span class='ocrx_word' id='word_1_45' title='bbox 189 1562 296 1613; x_wconf 71' lang='lat'>545</span> <span class='ocrx_word' id='word_1_46' title='bbox 363 1558 631 1628; x_wconf 53' lang='lat' dir='ltr'>Reciproca</span> <span class='ocrx_word' id='word_1_47' title='bbox 670 1559 903 1610; x_wconf 77' lang='lat' dir='ltr'>tendens</span> <span class='ocrx_word' id='word_1_48' title='bbox 943 1561 1109 1610; x_wconf 68' lang='lat' dir='ltr'>ndi-uo</span> <span class='ocrx_word' id='word_1_49' title='bbox 1152 1558 1344 1626; x_wconf 85' lang='lat' dir='ltr'>equino</span> <span class='ocrx_word' id='word_1_50' title='bbox 1387 1559 1596 1609; x_wconf 73' lang='lat' dir='ltr'>concita</span> 
     </span>
     <span class='ocr_line' id='line_1_13' title="bbox 338 1657 467 1708; baseline 0 0"><span class='ocrx_word' id='word_1_51' title='bbox 338 1657 467 1708; x_wconf 70' lang='lat' dir='ltr'>Tela</span> 
     </span>
     <span class='ocr_line' id='line_1_14' title="bbox 1058 1751 1233 1823; baseline 0 -19"><span class='ocrx_word' id='word_1_52' title='bbox 1058 1752 1108 1804; x_wconf 91' lang='lat' dir='ltr'>X</span> <span class='ocrx_word' id='word_1_53' title='bbox 1150 1751 1233 1823; x_wconf 80' lang='lat'>(9)</span> 
     </span>
     <span class='ocr_line' id='line_1_15' title="bbox 993 1849 1295 1901; baseline -0.003 -1"><span class='ocrx_word' id='word_1_54' title='bbox 993 1849 1295 1901; x_wconf 72' lang='lat' dir='ltr'>Philocteta</span> 
     </span>
    </p>
   </div>
   <div class='ocr_carea' id='block_1_6' title="bbox 415 1945 1606 2016">
    <p class='ocr_par' dir='ltr' id='par_1_6' title="bbox 415 1945 1606 2016">
     <span class='ocr_line' id='line_1_16' title="bbox 415 1945 1606 2016; baseline -0.003 -18"><span class='ocrx_word' id='word_1_55' title='bbox 415 1988 426 1998; x_wconf 88' lang='lat'><strong><em>.</em></strong></span> <span class='ocrx_word' id='word_1_56' title='bbox 488 1947 794 2016; x_wconf 75' lang='lat' dir='ltr'>pinnigero,</span> <span class='ocrx_word' id='word_1_57' title='bbox 834 1948 945 1997; x_wconf 80' lang='lat'>11611</span> <span class='ocrx_word' id='word_1_58' title='bbox 985 1947 1248 2015; x_wconf 79' lang='lat' dir='ltr'>armigero</span> <span class='ocrx_word' id='word_1_59' title='bbox 1289 1946 1345 1996; x_wconf 87' lang='lat' dir='ltr'>in</span> <span class='ocrx_word' id='word_1_60' title='bbox 1386 1945 1606 2013; x_wconf 77' lang='lat' dir='ltr'>corpore</span> 
     </span>
    </p>
   </div>
   <div class='ocr_carea' id='block_1_7' title="bbox 193 2107 2104 3009">
    <p class='ocr_par' dir='ltr' id='par_1_7' title="bbox 193 2107 2104 2669">
     <span class='ocr_line' id='line_1_17' title="bbox 309 2107 2101 2162; baseline -0.001 -14"><span class='ocrx_word' id='word_1_61' title='bbox 309 2110 347 2149; x_wconf 92' lang='lat' dir='ltr'><strong>V</strong></span> <span class='ocrx_word' id='word_1_62' title='bbox 382 2109 543 2150; x_wconf 82' lang='lat' dir='ltr'>Cicero</span> <span class='ocrx_word' id='word_1_63' title='bbox 576 2110 628 2151; x_wconf 87' lang='lat' dir='ltr'>de</span> <span class='ocrx_word' id='word_1_64' title='bbox 663 2110 738 2151; x_wconf 86' lang='lat' dir='ltr'>fin.</span> <span class='ocrx_word' id='word_1_65' title='bbox 760 2112 799 2151; x_wconf 83' lang='lat' dir='ltr'>V</span> <span class='ocrx_word' id='word_1_66' title='bbox 824 2112 890 2159; x_wconf 91' lang='lat' dir='ltr'>ll,</span> <span class='ocrx_word' id='word_1_67' title='bbox 913 2112 965 2150; x_wconf 82' lang='lat'>32</span> <span class='ocrx_word' id='word_1_68' title='bbox 998 2113 1081 2150; x_wconf 71' lang='lat' dir='ltr'>‘ea</span> <span class='ocrx_word' id='word_1_69' title='bbox 1114 2108 1376 2162; x_wconf 80' lang='lat' dir='ltr'>perferant,</span> <span class='ocrx_word' id='word_1_70' title='bbox 1412 2121 1528 2161; x_wconf 84' lang='lat' dir='ltr'>quae</span> <span class='ocrx_word' id='word_1_71' title='bbox 1560 2108 1866 2148; x_wconf 82' lang='lat' dir='ltr'>Philoctetam</span> <span class='ocrx_word' id='word_1_72' title='bbox 1894 2107 2101 2147; x_wconf 84' lang='lat' dir='ltr'>uidemus</span> 
     </span>
     <span class='ocr_line' id='line_1_18' title="bbox 197 2164 2102 2219; baseline -0.001 -14"><span class='ocrx_word' id='word_1_73' title='bbox 197 2168 242 2205; x_wconf 86' lang='lat' dir='ltr'>in</span> <span class='ocrx_word' id='word_1_74' title='bbox 279 2166 472 2218; x_wconf 82' lang='lat' dir='ltr'>fabulis,</span> <span class='ocrx_word' id='word_1_75' title='bbox 508 2168 584 2219; x_wconf 87' lang='lat' dir='ltr'>qui</span> <span class='ocrx_word' id='word_1_76' title='bbox 617 2180 716 2207; x_wconf 89' lang='lat' dir='ltr'>cum</span> <span class='ocrx_word' id='word_1_77' title='bbox 748 2169 1032 2206; x_wconf 76' lang='lat' dir='ltr'>cruciaretur</span> <span class='ocrx_word' id='word_1_78' title='bbox 1062 2179 1152 2205; x_wconf 90' lang='lat' dir='ltr'>non</span> <span class='ocrx_word' id='word_1_79' title='bbox 1185 2165 1388 2205; x_wconf 84' lang='lat' dir='ltr'>ferendis</span> <span class='ocrx_word' id='word_1_80' title='bbox 1420 2164 1670 2215; x_wconf 86' lang='lat' dir='ltr'>doloribus,</span> <span class='ocrx_word' id='word_1_81' title='bbox 1712 2164 2002 2218; x_wconf 80' lang='lat' dir='ltr'>propagabat</span> <span class='ocrx_word' id='word_1_82' title='bbox 2032 2168 2102 2203; x_wconf 82' lang='lat' dir='ltr'>ta-</span> 
     </span>
     <span class='ocr_line' id='line_1_19' title="bbox 193 2220 2099 2277; baseline -0.001 -15"><span class='ocrx_word' id='word_1_83' title='bbox 193 2237 293 2263; x_wconf 85' lang='lat' dir='ltr'>men</span> <span class='ocrx_word' id='word_1_84' title='bbox 323 2224 466 2262; x_wconf 81' lang='lat' dir='ltr'>uitam</span> <span class='ocrx_word' id='word_1_85' title='bbox 496 2225 711 2277; x_wconf 81' lang='lat' dir='ltr'>aucupio3</span> <span class='ocrx_word' id='word_1_86' title='bbox 746 2223 1092 2275; x_wconf 82' lang='lat' dir='ltr'>configebat</span> <span class='ocrx_word' id='word_1_87' title='bbox 1125 2222 1320 2262; x_wconf 70' lang='lat' dir='ltr'>tardus</span> <span class='ocrx_word' id='word_1_88' title='bbox 1354 2222 1594 2272; x_wconf 84' lang='lat' dir='ltr'>celeres,</span> <span class='ocrx_word' id='word_1_89' title='bbox 1627 2226 1785 2262; x_wconf 79' lang='lat' dir='ltr'>stans</span> <span class='ocrx_word' id='word_1_90' title='bbox 1816 2220 2099 2270; x_wconf 79' lang='lat' dir='ltr'>uolantes,</span> 
     </span>
     <span class='ocr_line' id='line_1_20' title="bbox 197 2278 2102 2333; baseline -0.002 -14"><span class='ocrx_word' id='word_1_91' title='bbox 197 2287 247 2319; x_wconf 88' lang='lat' dir='ltr'>ut</span> <span class='ocrx_word' id='word_1_92' title='bbox 280 2280 401 2332; x_wconf 86' lang='lat' dir='ltr'>apud</span> <span class='ocrx_word' id='word_1_93' title='bbox 434 2282 607 2320; x_wconf 88' lang='lat' dir='ltr'>Attium</span> <span class='ocrx_word' id='word_1_94' title='bbox 641 2286 730 2328; x_wconf 83' lang='lat' dir='ltr'>est,</span> <span class='ocrx_word' id='word_1_95' title='bbox 772 2292 1187 2333; x_wconf 82' lang='lat' dir='ltr'>pennarumque</span> <span class='ocrx_word' id='word_1_96' title='bbox 1221 2282 1483 2318; x_wconf 82' lang='lat' dir='ltr'>contextu</span> <span class='ocrx_word' id='word_1_97' title='bbox 1516 2278 1735 2331; x_wconf 84' lang='lat' dir='ltr'>corpori</span> <span class='ocrx_word' id='word_1_98' title='bbox 1781 2281 2102 2330; x_wconf 84' lang='lat' dir='ltr'>tegumenta</span> 
     </span>
     <span class='ocr_line' id='line_1_21' title="bbox 196 2334 2099 2389; baseline -0.002 -13"><span class='ocrx_word' id='word_1_99' title='bbox 196 2337 491 2377; x_wconf 80' lang='lat' dir='ltr'>faciebat.’</span> <span class='ocrx_word' id='word_1_100' title='bbox 552 2337 706 2389; x_wconf 78' lang='lat' dir='ltr'>Ipsum</span> <span class='ocrx_word' id='word_1_101' title='bbox 735 2349 915 2377; x_wconf 87' lang='lat' dir='ltr'>uersum</span> <span class='ocrx_word' id='word_1_102' title='bbox 949 2338 1052 2385; x_wconf 86' lang='grc'>540,</span> <span class='ocrx_word' id='word_1_103' title='bbox 1093 2337 1171 2375; x_wconf 83' lang='lat' dir='ltr'>sed</span> <span class='ocrx_word' id='word_1_104' title='bbox 1211 2336 1374 2375; x_wconf 89' lang='lat' dir='ltr'>omisso</span> <span class='ocrx_word' id='word_1_105' title='bbox 1414 2335 1595 2375; x_wconf 89' lang='lat' dir='ltr'>nomine</span> <span class='ocrx_word' id='word_1_106' title='bbox 1628 2334 1909 2375; x_wconf 82' lang='lat' dir='ltr'>Censorinus</span> <span class='ocrx_word' id='word_1_107' title='bbox 1939 2334 2099 2386; x_wconf 84' lang='lat' dir='ltr'>fragm.</span> 
     </span>
     <span class='ocr_line' id='line_1_22' title="bbox 195 2391 2103 2445; baseline -0.002 -12"><span class='ocrx_word' id='word_1_108' title='bbox 195 2406 230 2433; x_wconf 92' lang='grc'>0.</span> <span class='ocrx_word' id='word_1_109' title='bbox 272 2395 323 2432; x_wconf 83' lang='grc'>14</span> <span class='ocrx_word' id='word_1_110' title='bbox 356 2407 397 2445; x_wconf 88' lang='lat' dir='ltr'>p.</span> <span class='ocrx_word' id='word_1_111' title='bbox 435 2395 489 2433; x_wconf 82' lang='lat'>94</span> <span class='ocrx_word' id='word_1_112' title='bbox 528 2393 657 2434; x_wconf 82' lang='lat' dir='ltr'>Iahn.</span> <span class='ocrx_word' id='word_1_113' title='bbox 700 2393 829 2444; x_wconf 77' lang='lat'>(2726</span> <span class='ocrx_word' id='word_1_114' title='bbox 861 2394 912 2433; x_wconf 82' lang='lat' dir='ltr'>P.</span> <span class='ocrx_word' id='word_1_115' title='bbox 953 2394 1035 2432; x_wconf 87' lang='grc'>406</span> <span class='ocrx_word' id='word_1_116' title='bbox 1075 2392 1129 2434; x_wconf 79' lang='lat' dir='ltr'>G.</span> <span class='ocrx_word' id='word_1_117' title='bbox 1160 2394 1213 2432; x_wconf 83' lang='lat'>69</span> <span class='ocrx_word' id='word_1_118' title='bbox 1243 2391 1322 2442; x_wconf 92' lang='grc' dir='ltr'>Η.)</span> <span class='ocrx_word' id='word_1_119' title='bbox 1364 2391 1574 2430; x_wconf 86' lang='lat' dir='ltr'>tradidit:</span> <span class='ocrx_word' id='word_1_120' title='bbox 1616 2392 1755 2444; x_wconf 85' lang='lat' dir='ltr'>paulo</span> <span class='ocrx_word' id='word_1_121' title='bbox 1796 2391 1993 2431; x_wconf 86' lang='lat' dir='ltr'>fortasse</span> <span class='ocrx_word' id='word_1_122' title='bbox 2032 2391 2103 2429; x_wconf 91' lang='lat' dir='ltr'>in-</span> 
     </span>
     <span class='ocr_line' id='line_1_23' title="bbox 198 2446 2103 2502; baseline -0.002 -13"><span class='ocrx_word' id='word_1_123' title='bbox 198 2454 416 2489; x_wconf 74' lang='lat' dir='ltr'>mutatum</span> <span class='ocrx_word' id='word_1_124' title='bbox 450 2462 550 2489; x_wconf 76' lang='lat' dir='ltr'>esse</span> <span class='ocrx_word' id='word_1_125' title='bbox 585 2464 611 2489; x_wconf 83' lang='lat' dir='ltr'>a</span> <span class='ocrx_word' id='word_1_126' title='bbox 644 2451 941 2502; x_wconf 84' lang='lat' dir='ltr'>grammatico</span> <span class='ocrx_word' id='word_1_127' title='bbox 976 2449 1235 2501; x_wconf 82' lang='lat' dir='ltr'>suspicatur</span> <span class='ocrx_word' id='word_1_128' title='bbox 1267 2449 1317 2487; x_wconf 85' lang='lat' dir='ltr'>L.</span> <span class='ocrx_word' id='word_1_129' title='bbox 1349 2447 1546 2487; x_wconf 88' lang='lat' dir='ltr'>Mueller</span> <span class='ocrx_word' id='word_1_130' title='bbox 1578 2447 1751 2487; x_wconf 77' lang='lat' dir='ltr'>annau.</span> <span class='ocrx_word' id='word_1_131' title='bbox 1788 2446 1960 2499; x_wconf 85' lang='lat' dir='ltr'>philoll.</span> <span class='ocrx_word' id='word_1_132' title='bbox 1994 2447 2103 2486; x_wconf 83' lang='lat'>1868</span> 
     </span>
     <span class='ocr_line' id='line_1_24' title="bbox 199 2502 2104 2558; baseline -0.001 -14"><span class='ocrx_word' id='word_1_133' title='bbox 199 2520 236 2558; x_wconf 78' lang='lat' dir='ltr'>p.</span> <span class='ocrx_word' id='word_1_134' title='bbox 270 2509 364 2546; x_wconf 86' lang='lat'>433.</span> <span class='ocrx_word' id='word_1_135' title='bbox 420 2507 611 2546; x_wconf 77' lang='lat' dir='ltr'>Versum</span> <span class='ocrx_word' id='word_1_136' title='bbox 651 2508 732 2546; x_wconf 84' lang='lat'>539</span> <span class='ocrx_word' id='word_1_137' title='bbox 773 2506 936 2546; x_wconf 89' lang='lat' dir='ltr'>elicuit</span> <span class='ocrx_word' id='word_1_138' title='bbox 977 2505 1205 2557; x_wconf 82' lang='lat' dir='ltr'>Scaliger,</span> <span class='ocrx_word' id='word_1_139' title='bbox 1249 2504 1433 2544; x_wconf 86' lang='lat' dir='ltr'>tertium</span> <span class='ocrx_word' id='word_1_140' title='bbox 1475 2508 1626 2544; x_wconf 88' lang='lat' dir='ltr'>autem</span> <span class='ocrx_word' id='word_1_141' title='bbox 1666 2505 1956 2544; x_wconf 80' lang='lat' dir='ltr'>Hermannus</span> <span class='ocrx_word' id='word_1_142' title='bbox 1996 2502 2104 2542; x_wconf 88' lang='lat' dir='ltr'>effe-</span> 
     </span>
     <span class='ocr_line' id='line_1_25' title="bbox 198 2560 2103 2614; baseline -0.001 -15"><span class='ocrx_word' id='word_1_143' title='bbox 198 2564 262 2600; x_wconf 72' lang='lat' dir='ltr'>cit</span> <span class='ocrx_word' id='word_1_144' title='bbox 292 2563 443 2601; x_wconf 86' lang='lat' dir='ltr'>hunc:</span> <span class='ocrx_word' id='word_1_145' title='bbox 477 2562 647 2602; x_wconf 50' lang='lat' dir='ltr'>uitam</span> <span class='ocrx_word' id='word_1_146' title='bbox 683 2564 1022 2614; x_wconf 81' lang='lat' dir='ltr'>sagittarum</span> <span class='ocrx_word' id='word_1_147' title='bbox 1054 2560 1295 2613; x_wconf 71' lang='lat' dir='ltr'>aucupio</span> <span class='ocrx_word' id='word_1_148' title='bbox 1334 2560 1694 2613; x_wconf 65' lang='lat' dir='ltr'>propziginat,</span> <span class='ocrx_word' id='word_1_149' title='bbox 1730 2560 1784 2599; x_wconf 85' lang='lat' dir='ltr'>dc</span> <span class='ocrx_word' id='word_1_150' title='bbox 1818 2573 1905 2612; x_wconf 91' lang='lat' dir='ltr'>quo</span> <span class='ocrx_word' id='word_1_151' title='bbox 1937 2563 2103 2599; x_wconf 81' lang='lat' dir='ltr'>conatu</span> 
     </span>
     <span class='ocr_line' id='line_1_26' title="bbox 199 2617 2102 2669; baseline -0.002 -12"><span class='ocrx_word' id='word_1_152' title='bbox 199 2625 321 2657; x_wconf 83' lang='lat' dir='ltr'>recte</span> <span class='ocrx_word' id='word_1_153' title='bbox 356 2619 531 2658; x_wconf 75' lang='lat' dir='ltr'>iudIcat</span> <span class='ocrx_word' id='word_1_154' title='bbox 562 2619 817 2658; x_wconf 80' lang='lat' dir='ltr'>Maduicus.</span> <span class='ocrx_word' id='word_1_155' title='bbox 881 2618 1172 2669; x_wconf 77' lang='lat' dir='ltr'>Separandos</span> <span class='ocrx_word' id='word_1_156' title='bbox 1214 2629 1314 2656; x_wconf 80' lang='lat' dir='ltr'>esse</span> <span class='ocrx_word' id='word_1_157' title='bbox 1353 2618 1435 2656; x_wconf 83' lang='lat'>539</span> <span class='ocrx_word' id='word_1_158' title='bbox 1475 2621 1522 2656; x_wconf 89' lang='lat' dir='ltr'>et</span> <span class='ocrx_word' id='word_1_159' title='bbox 1553 2618 1636 2657; x_wconf 85' lang='lat'>540</span> <span class='ocrx_word' id='word_1_160' title='bbox 1666 2617 1782 2656; x_wconf 79' lang='lat' dir='ltr'>uidit</span> <span class='ocrx_word' id='word_1_161' title='bbox 1815 2617 2102 2655; x_wconf 79' lang='lat' dir='ltr'>I-Iermannus</span> 
     </span>
    </p>

    <p class='ocr_par' dir='ltr' id='par_1_8' title="bbox 199 2672 2102 2896">
     <span class='ocr_line' id='line_1_27' title="bbox 312 2672 2102 2725; baseline -0.002 -11"><span class='ocrx_word' id='word_1_162' title='bbox 312 2675 371 2713; x_wconf 87' lang='lat' dir='ltr'>VI</span> <span class='ocrx_word' id='word_1_163' title='bbox 401 2674 514 2714; x_wconf 85' lang='lat' dir='ltr'>Non.</span> <span class='ocrx_word' id='word_1_164' title='bbox 546 2677 649 2724; x_wconf 79' lang='lat'>512,</span> <span class='ocrx_word' id='word_1_165' title='bbox 687 2677 735 2714; x_wconf 78' lang='lat'>12</span> <span class='ocrx_word' id='word_1_166' title='bbox 769 2676 1004 2714; x_wconf 80' lang='lat' dir='ltr'>‘cautim</span> <span class='ocrx_word' id='word_1_167' title='bbox 1045 2687 1125 2725; x_wconf 87' lang='lat' dir='ltr'>pro</span> <span class='ocrx_word' id='word_1_168' title='bbox 1165 2678 1314 2716; x_wconf 80' lang='lat' dir='ltr'>caute.</span> <span class='ocrx_word' id='word_1_169' title='bbox 1365 2673 1524 2712; x_wconf 81' lang='lat' dir='ltr'>Accius</span> <span class='ocrx_word' id='word_1_170' title='bbox 1555 2672 1825 2712; x_wconf 78' lang='lat' dir='ltr'>Alfcsiboea</span> <span class='ocrx_word' id='word_1_171' title='bbox 1863 2702 1873 2711; x_wconf 92' lang='lat'>.</span> <span class='ocrx_word' id='word_1_172' title='bbox 1900 2701 1909 2710; x_wconf 92' lang='lat'><strong>.</strong></span> <span class='ocrx_word' id='word_1_173' title='bbox 1936 2703 1945 2711; x_wconf 93' lang='lat'><strong>.</strong></span> <span class='ocrx_word' id='word_1_174' title='bbox 1982 2673 2102 2711; x_wconf 85' lang='lat' dir='ltr'>idem</span> 
     </span>
     <span class='ocr_line' id='line_1_28' title="bbox 199 2729 2101 2780; baseline -0.002 -10"><span class='ocrx_word' id='word_1_175' title='bbox 199 2731 485 2770; x_wconf 78' lang='lat' dir='ltr'>Filoctita</span> <span class='ocrx_word' id='word_1_176' title='bbox 524 2761 533 2770; x_wconf 77' lang='lat'><strong><em>.</em></strong></span> <span class='ocrx_word' id='word_1_177' title='bbox 559 2762 568 2771; x_wconf 93' lang='lat'><em>.</em></span> <span class='ocrx_word' id='word_1_178' title='bbox 595 2735 630 2770; x_wconf 84' lang='lat'>.’</span> <span class='ocrx_word' id='word_1_179' title='bbox 684 2731 953 2780; x_wconf 79' lang='lat' dir='ltr'>(Filotita</span> <span class='ocrx_word' id='word_1_180' title='bbox 993 2729 1168 2780; x_wconf 83' lang='lat' dir='ltr'>Bamb.)</span> <span class='ocrx_word' id='word_1_181' title='bbox 1317 2729 1399 2769; x_wconf 93' lang='lat' dir='ltr'>VII</span> <span class='ocrx_word' id='word_1_182' title='bbox 1431 2729 1544 2768; x_wconf 88' lang='lat' dir='ltr'>Non.</span> <span class='ocrx_word' id='word_1_183' title='bbox 1577 2731 1652 2779; x_wconf 88' lang='lat'>91,</span> <span class='ocrx_word' id='word_1_184' title='bbox 1684 2731 1711 2767; x_wconf 87' lang='grc'>4</span> <span class='ocrx_word' id='word_1_185' title='bbox 1751 2729 2101 2780; x_wconf 74' lang='lat' dir='ltr'>‘cupienter‚</span> 
     </span>
     <span class='ocr_line' id='line_1_29' title="bbox 199 2786 2099 2840; baseline 0 -16"><span class='ocrx_word' id='word_1_186' title='bbox 199 2787 528 2840; x_wconf 78' lang='lat' dir='ltr'>‹·upidissime‚’</span> <span class='ocrx_word' id='word_1_187' title='bbox 645 2787 754 2827; x_wconf 84' lang='lat' dir='ltr'>VIII</span> <span class='ocrx_word' id='word_1_188' title='bbox 792 2787 1049 2827; x_wconf 87' lang='lat' dir='ltr'>Macrobius</span> <span class='ocrx_word' id='word_1_189' title='bbox 1082 2787 1177 2827; x_wconf 76' lang='lat' dir='ltr'>Sat.</span> <span class='ocrx_word' id='word_1_190' title='bbox 1213 2786 1275 2825; x_wconf 91' lang='lat' dir='ltr'>VI</span> <span class='ocrx_word' id='word_1_191' title='bbox 1313 2787 1360 2836; x_wconf 90' lang='lat'>5,</span> <span class='ocrx_word' id='word_1_192' title='bbox 1395 2787 1447 2824; x_wconf 87' lang='lat'>14</span> <span class='ocrx_word' id='word_1_193' title='bbox 1488 2786 1991 2837; x_wconf 75' lang='lat' dir='ltr'>‘caprigenumque</span> <span class='ocrx_word' id='word_1_194' title='bbox 2023 2798 2099 2837; x_wconf 88' lang='lat' dir='ltr'>pe-</span> 
     </span>
     <span class='ocr_line' id='line_1_30' title="bbox 200 2841 1847 2896; baseline -0.001 -12"><span class='ocrx_word' id='word_1_195' title='bbox 200 2857 278 2884; x_wconf 84' lang='lat' dir='ltr'>cus</span> <span class='ocrx_word' id='word_1_196' title='bbox 319 2844 445 2883; x_wconf 89' lang='lat' dir='ltr'>nullo</span> <span class='ocrx_word' id='word_1_197' title='bbox 487 2844 671 2884; x_wconf 75' lang='lat' dir='ltr'>custode</span> <span class='ocrx_word' id='word_1_198' title='bbox 710 2857 790 2896; x_wconf 85' lang='lat' dir='ltr'>per</span> <span class='ocrx_word' id='word_1_199' title='bbox 828 2844 996 2884; x_wconf 84' lang='lat' dir='ltr'>herbas</span> <span class='ocrx_word' id='word_1_200' title='bbox 1035 2874 1044 2884; x_wconf 91' lang='lat'>.</span> <span class='ocrx_word' id='word_1_201' title='bbox 1071 2874 1080 2883; x_wconf 93' lang='lat'><strong>.</strong></span> <span class='ocrx_word' id='word_1_202' title='bbox 1110 2874 1117 2881; x_wconf 94' lang='lat'><strong><em>.</em></strong></span> <span class='ocrx_word' id='word_1_203' title='bbox 1153 2843 1317 2881; x_wconf 86' lang='lat' dir='ltr'>Accius</span> <span class='ocrx_word' id='word_1_204' title='bbox 1355 2842 1402 2881; x_wconf 87' lang='lat' dir='ltr'>in</span> <span class='ocrx_word' id='word_1_205' title='bbox 1441 2841 1697 2881; x_wconf 85' lang='lat' dir='ltr'>Philoctete</span> <span class='ocrx_word' id='word_1_206' title='bbox 1735 2873 1744 2882; x_wconf 87' lang='lat'><strong>.</strong></span> <span class='ocrx_word' id='word_1_207' title='bbox 1774 2873 1781 2881; x_wconf 93' lang='lat'><strong><em>.</em></strong></span> <span class='ocrx_word' id='word_1_208' title='bbox 1811 2844 1847 2882; x_wconf 86' lang='lat'>.’</span> 
     </span>
    </p>

    <p class='ocr_par' dir='ltr' id='par_1_9' title="bbox 200 2898 2104 3009">
     <span class='ocr_line' id='line_1_31' title="bbox 200 2898 2103 2952; baseline -0.002 -13"><span class='ocrx_word' id='word_1_209' title='bbox 200 2901 262 2939; x_wconf 87' lang='lat' dir='ltr'>IX</span> <span class='ocrx_word' id='word_1_210' title='bbox 296 2901 436 2941; x_wconf 85' lang='lat' dir='ltr'>Varro</span> <span class='ocrx_word' id='word_1_211' title='bbox 473 2901 526 2940; x_wconf 85' lang='lat' dir='ltr'>de</span> <span class='ocrx_word' id='word_1_212' title='bbox 565 2900 592 2943; x_wconf 84' lang='lat' dir='ltr'>l.</span> <span class='ocrx_word' id='word_1_213' title='bbox 632 2902 683 2940; x_wconf 69' lang='grc'>1,.</span> <span class='ocrx_word' id='word_1_214' title='bbox 724 2901 807 2941; x_wconf 88' lang='lat' dir='ltr'>VII</span> <span class='ocrx_word' id='word_1_215' title='bbox 845 2903 898 2941; x_wconf 89' lang='lat'>80</span> <span class='ocrx_word' id='word_1_216' title='bbox 929 2900 985 2943; x_wconf 87' lang='grc' dir='ltr'>Μ.</span> <span class='ocrx_word' id='word_1_217' title='bbox 1029 2899 1176 2952; x_wconf 74' lang='lat' dir='ltr'>‘apud</span> <span class='ocrx_word' id='word_1_218' title='bbox 1215 2898 1424 2938; x_wconf 88' lang='lat' dir='ltr'>Accium:</span> <span class='ocrx_word' id='word_1_219' title='bbox 1466 2899 1730 2951; x_wconf 84' lang='lat' dir='ltr'>reciproca’</span> <span class='ocrx_word' id='word_1_220' title='bbox 1771 2910 1807 2937; x_wconf 84' lang='lat' dir='ltr'>c.</span> <span class='ocrx_word' id='word_1_221' title='bbox 1838 2910 1877 2950; x_wconf 92' lang='lat' dir='ltr'>q.</span> <span class='ocrx_word' id='word_1_222' title='bbox 1909 2909 1945 2937; x_wconf 81' lang='lat' dir='ltr'>s.</span> <span class='ocrx_word' id='word_1_223' title='bbox 1990 2900 2103 2936; x_wconf 80' lang='lat' dir='ltr'>‘re-</span> 
     </span>
     <span class='ocr_line' id='line_1_32' title="bbox 203 2952 2104 3009; baseline -0.002 -13"><span class='ocrx_word' id='word_1_224' title='bbox 203 2958 431 3009; x_wconf 84' lang='lat' dir='ltr'>ciproca</span> <span class='ocrx_word' id='word_1_225' title='bbox 471 2962 561 3004; x_wconf 80' lang='lat' dir='ltr'>est,</span> <span class='ocrx_word' id='word_1_226' title='bbox 604 2970 736 3008; x_wconf 90' lang='lat' dir='ltr'>quom</span> <span class='ocrx_word' id='word_1_227' title='bbox 771 2957 889 2996; x_wconf 86' lang='lat' dir='ltr'>unde</span> <span class='ocrx_word' id='word_1_228' title='bbox 929 2956 1036 3009; x_wconf 86' lang='lat' dir='ltr'>quid</span> <span class='ocrx_word' id='word_1_229' title='bbox 1077 2955 1349 3008; x_wconf 88' lang='lat' dir='ltr'>profectum,</span> <span class='ocrx_word' id='word_1_230' title='bbox 1389 2954 1508 2995; x_wconf 87' lang='lat' dir='ltr'>redit</span> <span class='ocrx_word' id='word_1_231' title='bbox 1547 2957 1632 2995; x_wconf 92' lang='lat' dir='ltr'>eo.’</span> <span class='ocrx_word' id='word_1_232' title='bbox 1695 2954 1882 2994; x_wconf 80' lang='lat' dir='ltr'>Seruius</span> <span class='ocrx_word' id='word_1_233' title='bbox 1911 2955 1959 2992; x_wconf 92' lang='lat' dir='ltr'>in</span> <span class='ocrx_word' id='word_1_234' title='bbox 1990 2952 2104 2994; x_wconf 85' lang='lat' dir='ltr'>Aen.</span> 
     </span>
    </p>
   </div>
   <div class='ocr_carea' id='block_1_8' title="bbox 261 3061 555 3064">
    <p class='ocr_par' dir='ltr' id='par_1_10' title="bbox 261 3061 555 3064">
     <span class='ocr_line' id='line_1_33' title="bbox 261 3061 555 3064; baseline 0 0"><span class='ocrx_word' id='word_1_235' title='bbox 261 3061 555 3064; x_wconf 95' lang='lat' dir='ltr'> </span> 
     </span>
    </p>
   </div>
   <div class='ocr_carea' id='block_1_9' title="bbox 204 3123 2106 3399">
    <p class='ocr_par' dir='ltr' id='par_1_11' title="bbox 204 3123 2106 3327">
     <span class='ocr_line' id='line_1_34' title="bbox 345 3123 2106 3187; baseline -0.003 -14"><span class='ocrx_word' id='word_1_236' title='bbox 345 3128 442 3173; x_wconf 74' lang='grc'>539</span> <span class='ocrx_word' id='word_1_237' title='bbox 484 3127 670 3187; x_wconf 74' lang='lat' dir='ltr'>configit</span> <span class='ocrx_word' id='word_1_238' title='bbox 709 3129 937 3185; x_wconf 77' lang='lat' dir='ltr'>Botliius,</span> <span class='ocrx_word' id='word_1_239' title='bbox 978 3128 1292 3173; x_wconf 80' lang='lat' dir='ltr'>Hermannus</span> <span class='ocrx_word' id='word_1_240' title='bbox 1329 3123 1509 3186; x_wconf 71' lang='lat' dir='ltr'>conligo</span> <span class='ocrx_word' id='word_1_241' title='bbox 1550 3125 1769 3185; x_wconf 62' lang='lat' dir='ltr'>Scaliger</span> <span class='ocrx_word' id='word_1_242' title='bbox 1899 3123 2106 3169; x_wconf 79' lang='lat' dir='ltr'>uolatiles</span> 
     </span>
     <span class='ocr_line' id='line_1_35' title="bbox 205 3197 2101 3258; baseline -0.004 -13"><span class='ocrx_word' id='word_1_243' title='bbox 205 3200 421 3258; x_wconf 68' lang='lat' dir='ltr'>Scaliyer</span> <span class='ocrx_word' id='word_1_244' title='bbox 463 3198 664 3242; x_wconf 63' lang='lat' dir='ltr'>uolentes</span> <span class='ocrx_word' id='word_1_245' title='bbox 693 3199 881 3255; x_wconf 81' lang='lat' dir='ltr'>Cicero,</span> <span class='ocrx_word' id='word_1_246' title='bbox 924 3213 952 3242; x_wconf 85' lang='lat' dir='ltr'><em>a</em></span> <span class='ocrx_word' id='word_1_247' title='bbox 985 3213 1076 3258; x_wconf 80' lang='lat' dir='ltr'>quo</span> <span class='ocrx_word' id='word_1_248' title='bbox 1102 3198 1295 3242; x_wconf 81' lang='lat' dir='ltr'>Attiana</span> <span class='ocrx_word' id='word_1_249' title='bbox 1323 3211 1416 3241; x_wconf 88' lang='lat' dir='ltr'>non</span> <span class='ocrx_word' id='word_1_250' title='bbox 1442 3197 1561 3241; x_wconf 78' lang='lat' dir='ltr'>nihil</span> <span class='ocrx_word' id='word_1_251' title='bbox 1596 3209 1700 3240; x_wconf 88' lang='lat' dir='ltr'>esse</span> <span class='ocrx_word' id='word_1_252' title='bbox 1725 3197 1917 3254; x_wconf 74' lang='lat' dir='ltr'>defleoea</span> <span class='ocrx_word' id='word_1_253' title='bbox 1957 3200 2101 3251; x_wconf 83' lang='lat' dir='ltr'>reete,</span> 
     </span>
     <span class='ocr_line' id='line_1_36' title="bbox 204 3263 2103 3327; baseline -0.004 -12"><span class='ocrx_word' id='word_1_254' title='bbox 204 3278 253 3315; x_wconf 79' lang='lat' dir='ltr'>uc</span> <span class='ocrx_word' id='word_1_255' title='bbox 280 3271 483 3325; x_wconf 73' lang='lat' dir='ltr'>uidetur,</span> <span class='ocrx_word' id='word_1_256' title='bbox 513 3275 674 3313; x_wconf 78' lang='lat' dir='ltr'>censet</span> <span class='ocrx_word' id='word_1_257' title='bbox 692 3269 961 3314; x_wconf 80' lang='lat' dir='ltr'>Maduieus.</span> <span class='ocrx_word' id='word_1_258' title='bbox 1063 3267 1165 3314; x_wconf 90' lang='grc'>540</span> <span class='ocrx_word' id='word_1_259' title='bbox 1190 3268 1336 3327; x_wconf 81' lang='lat' dir='ltr'>pinnis</span> <span class='ocrx_word' id='word_1_260' title='bbox 1361 3265 1649 3312; x_wconf 73' lang='lat' dir='ltr'>Censorinus</span> <span class='ocrx_word' id='word_1_261' title='bbox 1673 3278 1918 3326; x_wconf 83' lang='lat' dir='ltr'>pennarum</span> <span class='ocrx_word' id='word_1_262' title='bbox 1939 3263 2103 3309; x_wconf 80' lang='lat' dir='ltr'>Cicero</span> 
     </span>
    </p>

    <p class='ocr_par' dir='ltr' id='par_1_12' title="bbox 309 3337 2104 3399">
     <span class='ocr_line' id='line_1_37' title="bbox 309 3337 2104 3399; baseline -0.004 -15"><span class='ocrx_word' id='word_1_263' title='bbox 309 3341 512 3399; x_wconf 71' lang='lat' dir='ltr'>contegit</span> <span class='ocrx_word' id='word_1_264' title='bbox 536 3341 649 3385; x_wconf 81' lang='lat' dir='ltr'>libri</span> <span class='ocrx_word' id='word_1_265' title='bbox 675 3339 922 3384; x_wconf 79' lang='lat' dir='ltr'>Censorini</span> <span class='ocrx_word' id='word_1_266' title='bbox 946 3339 1138 3398; x_wconf 74' lang='lat' dir='ltr'>contigit</span> <span class='ocrx_word' id='word_1_267' title='bbox 1164 3337 1413 3383; x_wconf 82' lang='lat' dir='ltr'>Censorini</span> <span class='ocrx_word' id='word_1_268' title='bbox 1438 3338 1509 3381; x_wconf 84' lang='lat' dir='ltr'>ed.</span> <span class='ocrx_word' id='word_1_269' title='bbox 1540 3337 1971 3393; x_wconf 80' lang='lat' dir='ltr'>Hauereampiana</span> <span class='ocrx_word' id='word_1_270' title='bbox 1998 3348 2104 3379; x_wconf 89' lang='lat' dir='ltr'>con-</span> 
     </span>
    </p>
   </div>
   <div class='ocr_carea' id='block_1_10' title="bbox 207 3405 2104 3538">
    <p class='ocr_par' dir='ltr' id='par_1_13' title="bbox 207 3405 2104 3538">
     <span class='ocr_line' id='line_1_38' title="bbox 207 3405 2104 3471; baseline -0.003 -16"><span class='ocrx_word' id='word_1_271' title='bbox 207 3420 363 3471; x_wconf 73' lang='lat' dir='ltr'>tegens</span> <span class='ocrx_word' id='word_1_272' title='bbox 402 3411 618 3469; x_wconf 68' lang='lat' dir='ltr'>Scaliyer</span> <span class='ocrx_word' id='word_1_273' title='bbox 772 3409 869 3454; x_wconf 87' lang='grc'>541</span> <span class='ocrx_word' id='word_1_274' title='bbox 911 3408 1101 3453; x_wconf 84' lang='lat' dir='ltr'>eundem</span> <span class='ocrx_word' id='word_1_275' title='bbox 1130 3409 1296 3453; x_wconf 80' lang='lat' dir='ltr'>Bamb.</span> <span class='ocrx_word' id='word_1_276' title='bbox 1439 3412 1483 3451; x_wconf 83' lang='lat' dir='ltr'>ct</span> <span class='ocrx_word' id='word_1_277' title='bbox 1521 3406 1737 3466; x_wconf 78' lang='lat' dir='ltr'>captando</span> <span class='ocrx_word' id='word_1_278' title='bbox 1777 3405 1834 3449; x_wconf 83' lang='lat' dir='ltr'><em>W</em></span> <span class='ocrx_word' id='word_1_279' title='bbox 1868 3405 2104 3464; x_wconf 78' lang='lat' dir='ltr'>captando,</span> 
     </span>
     <span class='ocr_line' id='line_1_39' title="bbox 207 3474 2102 3538; baseline -0.003 -14"><span class='ocrx_word' id='word_1_280' title='bbox 207 3498 291 3526; x_wconf 77' lang='lat' dir='ltr'>mn.</span> <span class='ocrx_word' id='word_1_281' title='bbox 328 3489 394 3538; x_wconf 81' lang='lat' dir='ltr'>et,</span> <span class='ocrx_word' id='word_1_282' title='bbox 426 3481 630 3526; x_wconf 77' lang='lat' dir='ltr'>Bothius</span> <span class='ocrx_word' id='word_1_283' title='bbox 658 3479 686 3524; x_wconf 81' lang='lat'><strong>2</strong></span> <span class='ocrx_word' id='word_1_284' title='bbox 834 3478 932 3525; x_wconf 81' lang='lat'>542</span> <span class='ocrx_word' id='word_1_285' title='bbox 972 3481 1008 3522; x_wconf 89' lang='lat' dir='ltr'>si</span> <span class='ocrx_word' id='word_1_286' title='bbox 1048 3479 1348 3535; x_wconf 83' lang='lat' dir='ltr'>Seriuerius,</span> <span class='ocrx_word' id='word_1_287' title='bbox 1379 3492 1465 3523; x_wconf 91' lang='lat' dir='ltr'>om.</span> <span class='ocrx_word' id='word_1_288' title='bbox 1493 3478 1606 3522; x_wconf 79' lang='lat' dir='ltr'>libri</span> <span class='ocrx_word' id='word_1_289' title='bbox 1722 3474 1821 3520; x_wconf 84' lang='lat'>544</span> <span class='ocrx_word' id='word_1_290' title='bbox 1850 3476 1957 3519; x_wconf 77' lang='lat' dir='ltr'>trito</span> <span class='ocrx_word' id='word_1_291' title='bbox 1985 3476 2102 3520; x_wconf 85' lang='lat' dir='ltr'>Par.</span> 
     </span>
    </p>
   </div>
   <div class='ocr_carea' id='block_1_11' title="bbox 210 3543 2106 3681">
    <p class='ocr_par' dir='ltr' id='par_1_14' title="bbox 210 3543 2106 3681">
     <span class='ocr_line' id='line_1_40' title="bbox 314 3543 2105 3610; baseline -0.004 -15"><span class='ocrx_word' id='word_1_292' title='bbox 314 3551 411 3596; x_wconf 82' lang='lat'>547</span> <span class='ocrx_word' id='word_1_293' title='bbox 440 3565 510 3610; x_wconf 82' lang='lat' dir='ltr'>sq.</span> <span class='ocrx_word' id='word_1_294' title='bbox 541 3553 661 3596; x_wconf 80' lang='lat' dir='ltr'>Dedi</span> <span class='ocrx_word' id='word_1_295' title='bbox 685 3563 857 3596; x_wconf 81' lang='lat' dir='ltr'>uersus</span> <span class='ocrx_word' id='word_1_296' title='bbox 891 3551 1151 3595; x_wconf 80' lang='lat' dir='ltr'>seeundum</span> <span class='ocrx_word' id='word_1_297' title='bbox 1189 3548 1538 3593; x_wconf 82' lang='lat' dir='ltr'>IIermannum.</span> <span class='ocrx_word' id='word_1_298' title='bbox 1577 3546 1936 3606; x_wconf 76' lang='lat' dir='ltr'>ingemiscimUS‚</span> <span class='ocrx_word' id='word_1_299' title='bbox 1976 3543 2105 3599; x_wconf 82' lang='lat' dir='ltr'>Quod</span> 
     </span>
     <span class='ocr_line' id='line_1_41' title="bbox 210 3615 2106 3681; baseline -0.004 -15"><span class='ocrx_word' id='word_1_300' title='bbox 210 3622 312 3666; x_wconf 77' lang='lat' dir='ltr'>lmec</span> <span class='ocrx_word' id='word_1_301' title='bbox 352 3624 625 3681; x_wconf 71' lang='lat' dir='ltr'>pennigero,</span> <span class='ocrx_word' id='word_1_302' title='bbox 667 3636 753 3665; x_wconf 80' lang='lat' dir='ltr'>non</span> <span class='ocrx_word' id='word_1_303' title='bbox 794 3638 829 3665; x_wconf 73' lang='lat' dir='ltr'>a.</span> <span class='ocrx_word' id='word_1_304' title='bbox 872 3621 915 3665; x_wconf 88' lang='lat' dir='ltr'>in</span> <span class='ocrx_word' id='word_1_305' title='bbox 955 3634 990 3664; x_wconf 93' lang='lat' dir='ltr'>c.</span> <span class='ocrx_word' id='word_1_306' title='bbox 1020 3618 1317 3664; x_wconf 77' lang='lat' dir='ltr'>Exerceamur</span> <span class='ocrx_word' id='word_1_307' title='bbox 1358 3618 1469 3677; x_wconf 75' lang='lat' dir='ltr'>tela,</span> <span class='ocrx_word' id='word_1_308' title='bbox 1508 3617 1677 3663; x_wconf 70' lang='lat' dir='ltr'>abiecta</span> <span class='ocrx_word' id='word_1_309' title='bbox 1717 3615 1858 3676; x_wconf 80' lang='lat' dir='ltr'>gloria</span> <span class='ocrx_word' id='word_1_310' title='bbox 1887 3615 2106 3675; x_wconf 72' lang='lat' dir='ltr'>Scaliqer</span> 
     </span>
    </p>
   </div>
  </div>
 </body>
</html>
