2294 3844
983 254 1038 292 M.
1077 254 1371 297 PACVVIVS
2035 261 2133 313 135

232 380 428 430 tione:
470 380 617 431 haut
666 381 855 449 saieul,
897 385 958 433 ut
1002 385 1091 435 ait-
1132 385 1471 454 Pactiuius,
1521 389 1749 440 femina
1800 396 1912 442 lina
1962 393 2130 444 inuo-

225 475 438 526 nietlir
485 476 682 527 bonu!
765 477 919 529 Vnde
960 479 1324 533 Pacuuianum
1375 502 1585 535 uersum
1635 485 1843 537 efficere
1893 490 2002 539 tani
2053 492 2129 540 ost

228 570 490 622 lubricum
532 590 691 639 quani
731 575 982 642 procliue.
1061 575 1356 646 Seripserat
1396 578 1660 632 Pacuuius
1703 584 1952 636 fortasse:

377 667 529 718 l‘laud
572 669 725 721 facile
767 672 965 722 femina
1007 677 1113 724 rina
1153 674 1456 728 inuenietur
1496 677 1652 729 bona.

972 776 1065 827 LV
1108 775 1248 845 (LIV.
1292 777 1387 848 37)

371 865 586 919 Galeam

952 968 1076 1020 LVI
1126 967 1243 1038 (LV.
1301 970 1396 1041 43)

372 1061 548 1110 tortus
1089 1063 1093 1066 ”

935 1137 1087 1191 LVII
1129 1137 1269 1210 (LVI.
1313 1140 1408 1211 38)

365 1228 511 1279 iteris

906 1329 1085 1382 LVIII
1128 1329 1290 1400 (nvn.
1340 1332 1435 1403 40)

362 1422 624 1477 insomnia

925 1523 1049 1575 LIX
1091 1522 1276 1593 (LVIII.
1320 1525 1414 1595 35»)

360 1620 510 1690 puta.
551 1618 628 1673 itti.

1024 1715 1120 1768 LX
1161 1714 1314 1789 (LIX)

357 1791 443 1843 hie
484 1790 630 1844 Iouis

212 1924 395 1974 Graeci,
430 1938 519 1965 non
543 1925 682 1977 patrii
709 1927 872 1977 poetae
895 1924 1037 1963 uerba
1060 1923 1206 1964 uideri
1231 1924 1276 1964 in
1298 1922 1570 1966 Curculione
1594 1925 1748 1966 Plauti
1773 1928 1952 1969 laudari
1975 1944 2018 1975 u,
2042 1934 2118 1972 591

214 1980 471 2033 ‘antiquom
495 1987 674 2033 poetam
699 1981 854 2020 audiui
877 1980 1120 2032 scripsisse
1143 1981 1186 2019 in
1212 1982 1468 2032 tragoedia,
1497 1981 1769 2024 Mulieres
1799 1985 1825 2024 d
1837 1986 1934 2027 uas
1968 1990 2119 2040 peio-

210 2050 297 2077 res
338 2036 461 2076 esse
496 2050 651 2089 quam
683 2050 841 2076 unam
880 2035 1212 2078 mulierem!
1339 2038 1417 2077 LV
1450 2038 1685 2079 Charisius
1725 2042 1745 2081 I
1780 2055 1818 2094 p.
1851 2045 1905 2082 50
1936 2044 1985 2083 Ρ.
2028 2045 2119 2084 ‘in-

209 2093 457 2132 ueniuntur
490 2098 641 2133 tamen
675 2093 898 2145 quaedam
923 2093 1189 2145 peregrina,
1224 2106 1340 2146 quae
1375 2107 1474 2134 cum
1496 2096 1778 2137 incremento
1801 2098 2010 2150 syllabae
2045 2101 2121 2141 de·

212 2148 455 2200 clinantur,
489 2156 538 2189 ut
571 2149 769 2190 Calchas
798 2149 955 2192 Pallas
987 2148 1118 2188 Atlas
1150 2150 1293 2202 gigas.
1338 2151 1537 2191 Faciunt
1570 2153 1687 2192 enim
1722 2152 1988 2197 Calchantis
2009 2157 2120 2196 Pal-

210 2206 351 2246 lantis
394 2203 631 2258 [Atlantis]
678 2206 901 2259 gigantis,
948 2206 1157 2257 quamuis
1197 2207 1396 2258 antiqui,
1446 2212 1496 2247 ut
1543 2208 1774 2249 Pacuuius
1821 2215 1865 2250 et
1903 2212 2113 2265 Plautus,

209 2261 472 2302 Calchan]
507 2263 685 2308 dicant,
727 2275 814 2303 non
848 2261 1183 2303 Calclwmtem.⁷
1236 2263 1475 2302 calchan
1517 2265 1635 2304 coil:
1679 2265 1863 2307 collatis
1905 2281 1959 2308 ex
1990 2269 2111 2309 Pris—

208 2319 339 2358 ‹·ia110
372 2319 433 2358 VI
467 2332 507 2371 p.
535 2322 614 2359 702
638 2321 686 2359 Ρ.
719 2324 764 2359 ct
796 2319 943 2360 Probo
975 2318 1186 2358 Putschii
1217 2332 1259 2372 p.
1288 2321 1392 2359 1467
1425 2320 1582 2360 formis
1615 2320 1867 2362 ‘calohae’
1901 2329 1948 2365 et
1980 2324 2112 2365 ‘Cal-

209 2375 318 2415 cha’
353 2375 618 2415 Calcham
660 2376 811 2424 (immo
853 2374 1105 2423 caleam)
1148 2375 1435 2415 scribendum
1476 2389 1575 2417 esse
1615 2379 1790 2418 monuit
1830 2379 2112 2422 Ritschelius

205 2431 325 2475 Prol.
358 2432 481 2472 Trin.
504 2446 544 2484 p.
568 2432 839 2482 LXXXVII,
873 2444 1003 2484 quem
1029 2444 1117 2471 non
1149 2434 1353 2484 respexit
1376 2433 1698 2474 Lachmannus
1722 2437 1768 2474 in
1792 2437 1926 2477 Lucr.
1955 2438 1991 2476 V
2014 2439 2110 2481 8:39.

320 2488 423 2530 LVI
455 2488 640 2528 Seruius
672 2489 718 2528 in
752 2491 863 2531 Aen.
895 2488 983 2529 XII
1015 2489 1096 2528 298
1137 2492 1265 2528 ‘nam
1305 2488 1415 2529 illud
1449 2490 1587 2529 Ennii
1626 2495 1671 2530 et
1702 2493 1896 2532 Pacuuii
1930 2497 2112 2545 penitus

206 2545 259 2584 de
294 2558 376 2584 usu
408 2546 628 2597 recessit,
664 2550 714 2585 ut
745 2545 833 2584 hic
865 2548 1075 2594 torrus,
1117 2544 1250 2585 huius
1282 2546 1392 2586 torri
1425 2545 1666 2587 dicamus.’
1793 2549 1921 2590 LVII
1955 2549 2112 2590 Chari-

203 2602 296 2640 sius
326 2601 347 2641 1
379 2614 417 2653 p.
455 2603 506 2642 63
541 2602 587 2641 P.
625 2603 741 2641 ‘iter
773 2602 904 2642 iteris
935 2600 1071 2642 debet
1103 2601 1282 2651 facere,
1324 2615 1412 2643 non
1443 2604 1624 2644 itineris
1749 2604 1915 2657 plurali
1959 2612 2111 2647 tamen

203 2670 387 2697 numero
426 2658 593 2697 itinera
632 2670 811 2710 semper
849 2658 1065 2700 dicemus.
1125 2671 1212 2698 non
1254 2658 1374 2698 enim
1413 2659 1532 2699 sicut
1563 2660 1725 2700 huius
1765 2661 1931 2702 iteris
1963 2663 2110 2706 Pacu-

204 2715 307 2754 uius
340 2714 476 2764 dixit,
514 2720 561 2755 et
593 2714 710 2755 haec
742 2716 862 2755 itera
892 2715 1041 2766 potuit
1070 2713 1254 2754 dicere.'
1295 2715 1421 2756 Idem
1454 2730 1496 2768 p.
1535 2719 1612 2757 109
1635 2716 1684 2756 Ρ.
1718 2717 1972 2759 ‘Pacuuius
2005 2733 2111 2773 quo-

205 2783 290 2821 que
322 2771 452 2810 iteris
486 2770 634 2811 dixitss
751 2772 903 2812 LVIII
934 2771 1121 2811 Seruius
1152 2771 1199 2810 in
1230 2771 1344 2812 Aen.
1377 2772 1440 2813 IV
1471 2774 1495 2812 9
1529 2772 1638 2812 ‘hoc
1671 2773 1789 2813 enim
1820 2776 2015 2816 maiores
2046 2777 2111 2816 in-

203 2831 274 2866 ter
304 2826 490 2879 uigilias
531 2831 576 2867 et
614 2840 669 2868 ea
710 2841 827 2880 quae
867 2827 1073 2868 uidemus
1112 2828 1158 2866 in
1190 2829 1360 2869 somnis
1391 2829 1618 2870 interesse
1657 2829 1921 2882 uoluerunt,
1962 2837 2011 2871 ut
2041 2834 2109 2872 in-

203 2884 378 2923 somnia
409 2884 594 2936 generis
618 2884 825 2924 feminini
848 2884 1022 2924 numeri
1045 2882 1291 2936 singularis
1311 2884 1518 2937 uigiliam
1553 2885 1851 2938 significaret,
1884 2888 2108 2929 insomnia

203 2951 312 2979 uero
347 2940 528 2991 generis
560 2941 712 2979 neutri
743 2941 917 2980 numeri
950 2939 1141 2993 pluralis
1173 2953 1248 2991 ea,
1282 2953 1397 2993 quae
1430 2953 1510 2994 per
1539 2943 1760 2982 somnium
1781 2943 2002 2992 uidemus,
2037 2950 2107 2985 ut:

205 2995 284 3035 sed
318 2995 439 3035 falsa
472 2995 530 3035 ad
562 2996 736 3036 caelum
768 2997 958 3037 mittunt
988 2996 1215 3036 insomnia
1254 3011 1412 3038 manes
1442 2998 1571 3049 (Aen.
1604 2999 1664 3039 IV
1696 2999 1811 3050 897).
1862 2999 2106 3041 Sciendum

202 3051 367 3103 igitur:
402 3055 526 3104 quia,
560 3054 597 3097 si
630 3057 772 3093 terret
795 3053 1060 3100 dixerimus,
1094 3054 1286 3105 antiqua
1310 3054 1396 3094 erit
1417 3054 1631 3095 elocutio.
1672 3056 1955 3097 Insomnia
1987 3059 2105 3097 enim

204 3107 318 3147 licet
350 3111 396 3147 et
425 3108 658 3149 Pacuuius
690 3113 735 3150 et
765 3110 942 3149 Ennius
974 3110 1240 3162 frequenter
1270 3110 1483 3162 dixerint,
1514 3112 1689 3152 Plinius
1722 3116 1876 3152 tamen
1909 3114 2106 3154 exclusit

203 3167 249 3203 et
281 3164 334 3203 de
366 3176 452 3205 usu
483 3165 708 3207 remouit.'
838 3166 942 3204 LIX
976 3166 1161 3206 Seruius
1193 3167 1240 3205 in
1271 3166 1382 3207 Aen.
1413 3167 1460 3207 II
1491 3170 1569 3209 651
1605 3169 2000 3221 ‘praepositiones
2031 3171 2104 3210 uel

201 3219 419 3260 aduerbia
450 3222 496 3260 in
528 3235 554 3260 a
587 3222 803 3261 exeuntia
825 3222 953 3261 modo
976 3221 1232 3274 producunt
1252 3223 1462 3263 ultimam
1482 3223 1706 3275 litteram,
1742 3230 1934 3277 excepto
1967 3230 2103 3278 puta

202 3280 248 3315 et
278 3276 380 3327 ita,
413 3289 530 3328 quac
563 3277 685 3330 apud
716 3278 910 3317 Ennium
943 3284 989 3318 et
1021 3279 1269 3318 Pacuuium
1302 3279 1461 3320 breuia
1492 3285 1632 3321 sunt.'
1748 3281 1830 3320 LX
1862 3281 2103 3333 Pompeius

201 3343 357 3375 comm.
391 3346 433 3385 p.
467 3335 547 3374 187
579 3334 784 3385 (gramm.
815 3335 943 3375 Latt.
979 3334 1095 3373 Keil.
1124 3334 1216 3374 uol.
1251 3334 1311 3386 V)
1345 3335 1456 3377 ‘hoc
1486 3337 1634 3388 ipsum
1667 3337 1806 3377 ctiam
1839 3337 1956 3388 quod
1988 3337 2101 3377 dixi-

199 3399 319 3438 mus,
350 3388 425 3428 hic
457 3389 666 3442 Iuppiter
696 3395 742 3430 et
771 3390 905 3430 huius
926 3391 1072 3438 Iouis,
1107 3391 1227 3442 apud
1250 3391 1464 3444 antiquos
1496 3393 1636 3433 libros
1659 3393 1912 3433 inuenimus
1936 3392 2099 3445 plenas

338 3533 439 3581 426
467 3537 572 3581 haut
597 3538 937 3583 Lachmannus
973 3542 1021 3583 in
1049 3539 1192 3584 Lacr.
1219 3539 1308 3585 III
1329 3538 1431 3586 400
1467 3547 1542 3584 aut
1565 3542 1677 3585 libri
1713 3539 1828 3583 haud
1857 3541 1927 3585 ecl.
1959 3540 2094 3588 1526

344 3603 507 3650 semina
546 3620 631 3652 una
670 3609 1009 3655 Lachmanmes
1046 3609 1234 3667 semina,
1277 3625 1366 3656 om.
1407 3624 1518 3667 una,
1556 3611 1669 3654 libri
