2299 3803
209 245 310 295 094
1000 244 1054 283 L.
1088 243 1307 283 ATTIVS

207 283 271 296 tund

356 376 535 427 Sidera
578 374 716 425 binis
758 371 1028 424 continuis
1069 390 1159 423 sex

209 473 315 524 680
354 469 494 522 Picti
532 470 729 538 spoliis.

990 563 1178 616 XXIII
1204 561 1323 634 (30)

358 705 367 713 .
431 663 598 713 111111111
637 663 853 713 inuenta
897 661 1218 729 expertaque
1259 678 1321 710 ex
1360 659 1461 711 hoe
1503 662 1628 710 sunt
1668 660 1823 711 bona.

358 861 600 929 Repudio
642 862 809 912 eiecta
849 861 914 911 ab
956 856 1132 929 'Argis
1173 860 1280 911 iam
1320 859 1519 910 (ludum
1559 859 1755 910 exsulo.

1015 962 1171 1015 XXV
1212 960 1294 1033 (2)

357 1059 577 1111 Nullum
619 1063 699 1111 est
738 1060 1016 1129 ingenium
1055 1061 1267 1110 1111111111]
1307 1076 1479 1126 neque
1520 1076 1610 1109 eor
1648 1058 1758 1109 tfim
1798 1058 1993 1127 ferum,

359 1157 509 1217 Quod
551 1158 658 1207 111311
702 1157 941 1207 labascat
981 1154 1190 1224 lingua,
1231 1155 1464 1206 1111113οίιῇ
1502 1155 1657 1205 malo.

210 1358 316 1407 ‹2585›
357 1356 547 1424 Neque
588 1357 640 1407 ui
680 1359 833 1407 tanta
873 1353 1158 1424 quisquam
1197 1358 1279 1406 est
1316 1373 1488 1423 neque
1527 1357 1639 1406 tam
1687 1354 1966 1406 abundans
2006 1354 2113 1407 for-

1533 1449 1704 1520 15111113,
1741 1451 1891 1503 ferox

932 1555 1145 1608 XXVII
1186 1553 1385 1625 (Paris)

357 1652 486 1703 Pars
526 1652 677 1703 fre'na
718 1655 903 1703 tensae
945 1655 1104 1720 atque
1145 1652 1225 1702 ori
1264 1669 1521 1719 equorum
1561 1651 1983 1703 accommodant.

211 1815 437 1868 peruade’
473 1828 510 1854 e.
549 1828 589 1866 q.
626 1828 660 1856 S.
713 1814 904 1866 ‘polus
938 1814 1185 1864 Graecum,
1226 1813 1273 1852 id
1314 1811 1545 1866 signifieat
1586 1814 1752 1852 circum
1793 1814 1930 1861 caeli3
1976 1826 2114 1867 quare

211 1872 326 1923 quod
369 1876 438 1911 est
478 1871 727 1923 peruade
769 1871 975 1923 polum,
1010 1870 1160 1910 ualet:
1200 1870 1317 1909 uade
1348 1867 1458 1921 περὶ
1488 1865 1648 1910 πόλον.
1701 1870 2116 1922 Signa.dieuntur

217 1928 374 1967 eadem
418 1932 464 1968 et
504 1927 711 1967 sidera:
754 1928 885 1979 signa
927 1927 1043 1978 quod
1082 1926 1258 1978 aliquid
1299 1925 1579 1978 significent,
1625 1930 1677 1966 ut
1716 1926 1835 1966 libra
1875 1927 2118 1979 aequinoc-

211 1986 343 2035 tiu1n3
387 1984 537 2024 sidera
577 1985 733 2036 quasi'
776 1981 944 2037 (quae
986 1984 1031 2023 si
1062 1982 1167 2023 libri
1206 1982 1412 2035 plerique
1453 1995 1590 2035 quae
1621 1983 1727 2023 Par.
1762 1983 1806 2033 b)
1849 1982 2113 2026 ‘insidunt.’

211 2041 526 2081 Prometheum
567 2040 682 2080 haee
721 2052 885 2080 canere
925 2040 1127 2091 potuisse
1159 2040 1335 2090 monui,
1377 2044 1422 2080 et
1460 2040 1515 2078 de
1557 2038 1716 2079 eodem
1753 2039 1883 2079 ualet
1922 2052 2115 2091 sequens

214 2097 269 2137 fr.
401 2096 554 2137 XXIII
594 2097 856 2137 Priscianus
887 2097 999 2137 VIII
1039 2110 1081 2148 p.
1116 2097 1196 2136 793
1229 2096 1280 2135 P.
1317 2099 1581 2148 ‘experta
1618 2096 1836 2148 passiue.’
1967 2095 2116 2137 XXIV

211 2154 378 2193 Festus
411 2166 453 2205 p.
487 2154 565 2192 281
601 2154 661 2193 M.
696 2152 1014 2205 ‘repudium
1050 2153 1237 2193 Verrius
1270 2153 1338 2191 ait
1369 2152 1560 2202 dietum,
1593 2152 1711 2204 quod
1740 2151 1791 2191 fit
1821 2152 1877 2192 ob
1908 2165 2001 2192 rem
2032 2165 2115 2205 pu·

213 2210 440 2249 dendam.’
496 2209 563 2248 Ad
603 2208 726 2249 Ionis
768 2208 971 2248 fabulam
1012 2208 1184 2249 rettuli.
1329 2209 1453 2247 XXV
1483 2209 1596 2249 Non.
1626 2210 1735 2261 473,
1769 2211 1794 2250 6
1826 2208 2116 2249 ‘labascor

212 2279 290 2318 pro
323 2266 485 2307 labor)
535 2265 678 2306 Posse
713 2266 768 2305 (le
799 2265 1071 2305 Prometheo
1103 2264 1313 2317 intellegi
1344 2266 1511 2305 monui.
1635 2265 1786 2305 XXVI
1816 2264 1930 2305 Non.
1960 2267 2056 2314 305,
2089 2266 2115 2305 6

215 2322 403 2362 ‘ferox
436 2335 533 2362 sum
564 2322 645 2362 illa
678 2335 725 2362 re
759 2322 924 2361 dicitur
952 2326 1025 2361 ut:
1056 2321 1138 2361 illa
1168 2335 1216 2361 re
1250 2334 1348 2362 sum
1379 2321 1528 2362 fretus
1558 2320 1635 2361 uel
1666 2334 1886 2374 arrogans
1914 2352 1924 2362 .
1943 2324 2008 2362 ..⁹

211 2378 382 2419 XXVII
410 2379 526 2421 Non.
559 2380 662 2429 206,
697 2380 748 2418 12
781 2379 996 2418 ‘frenos
1122 2382 1282 2418 neutro
1410 2379 1579 2418 Accius
1609 2408 1647 2419 ..
1689 2381 1701 2401 ’

320 2542 418 2588 679
456 2541 571 2586 binis
598 2541 799 2588 Bollzius
837 2541 950 2602 bigis
987 2543 1100 2587 libri
1209 2541 1306 2587 679
1334 2554 1403 2600 sq.
1443 2542 1667 2586 continuis
1706 2555 1783 2585 sex
1809 2540 1919 2585 Picti
1957 2540 2113 2600 spoliis

214 2615 392 2670 scripsi
415 2613 614 2657 continui
642 2626 689 2657 se
717 2614 834 2671 cepit
860 2612 1015 2671 spoliis
1042 2613 1177 2657 Flor.
1199 2612 1363 2657 Haun.
1392 2612 1561 2655 contini
1587 2625 1636 2655 se
1662 2613 1780 2670 cepit
1805 2610 1960 2670 spoliis
1983 2611 2115 2659 Goth.

215 2683 415 2728 continui
453 2696 500 2726 se
539 2684 688 2742 coepit
727 2682 881 2742 spoliis
909 2683 1026 2729 Par.
1057 2697 1085 2726 a
1126 2683 1351 2742 continuis
1391 2681 1545 2741 spoliis
1583 2695 1631 2725 se
1659 2682 1776 2740 cepit
1801 2682 1918 2726 Par.
1947 2682 1972 2726 b
2010 2695 2117 2726 con-

215 2755 348 2798 tinuis
388 2767 463 2797 sex
503 2754 591 2812 apti
631 2754 771 2812 signis
813 2751 1030 2811 Scaliyer
1069 2752 1293 2797 continuis
1332 2766 1410 2797 sex
1448 2753 1539 2811 apti
1577 2751 1732 2812 spoliis
1772 2753 1972 2797 Bothius
2009 2765 2115 2796 con-

216 2825 349 2868 tinuis
389 2838 465 2868 sex
492 2823 651 2868 Addita
678 2824 818 2883 signis
851 2822 900 2868 0.
931 2823 1197 2868 Muellerus
1234 2829 1355 2868 cont.
1385 2838 1422 2867 s.
1451 2824 1592 2882 saepti
1619 2837 1686 2882 sp.
1719 2825 1826 2868 olim
1853 2823 2111 2868 edideram.

216 2893 287 2951 Cf.
331 2895 562 2940 Varronis
601 2900 690 2939 sat.
725 2908 775 2951 p.
810 2894 906 2939 118
936 2894 994 2939 R.
1033 2897 1081 2938 in
1119 2894 1266 2939 Probi
1301 2895 1366 2939 ad
1405 2894 1538 2953 Very.
1575 2895 1659 2938 ecl.
1703 2892 1773 2938 VI
1792 2893 1854 2938 31
1878 2907 1929 2951 p.
1962 2892 2053 2951 18,
2081 2892 2111 2938 5

214 2964 274 3008 K.
306 2968 665 3010 commentario.-
704 2963 864 3008 limbus
904 2965 1050 3024 pietus
1088 2963 1156 3008 bis
1184 2978 1261 3008 sex
1287 2964 1428 3023 signis
1455 2962 1885 3019 stellumicantibus3
1926 2963 2112 3009 Seneca

213 3038 261 3078 in
293 3034 493 3093 Thyeste
532 3050 575 3079 u.
605 3034 731 3080 836:
770 3041 815 3079 et
852 3048 965 3094 uaga
1004 3036 1110 3094 picti
1151 3033 1295 3079 sidera
1333 3033 1500 3078 muudi.
1614 3033 1709 3079 681
1750 3034 1955 3079 Praeire
1981 3046 2112 3093 quam

215 3107 291 3150 uel
330 3119 427 3149 nam
468 3107 542 3149 uel
580 3105 687 3149 mihi
722 3111 914 3163 poterat
1079 3107 1258 3150 inuenta
1298 3103 1436 3149 multa
1475 3105 1676 3149 Botlzius
1840 3105 2112 3164 inuentaque

215 3176 429 3220 Karolir.
540 3174 638 3220 683
672 3175 841 3219 nullum
870 3175 997 3220 Leid.
1027 3176 1193 3224 Bamb.
1234 3189 1323 3219 non
1352 3174 1522 3219 nullum
1552 3177 1703 3219 ceteri
1723 3175 1833 3219 libri
1855 3188 1945 3219 non
1972 3173 2110 3218 ullum

216 3247 286 3291 ecl.
308 3261 410 3304 pr.‚
449 3246 652 3291 Rotlzz'us
760 3252 846 3289 tam
885 3260 1063 3305 asprum
1090 3247 1144 3291 L.
1172 3246 1376 3290 Mueller
1402 3260 1515 3290 [cim.
1539 3245 1724 3302 plziloll.
1757 3243 1888 3290 1867
1910 3259 1962 3302 p.
1992 3242 2110 3289 494.

217 3315 387 3361 Melius
425 3317 514 3360 erit
553 3322 638 3360 tam
678 3315 840 3372 altum,
882 3319 924 3360 si
959 3318 1073 3375 quid
1107 3319 1286 3362 mutari
1322 3317 1468 3361 uoles.
1616 3313 1715 3360 684
1754 3313 1946 3358 labascat
1984 3313 2111 3359 Scri-

216 3389 380 3431 uerius
417 3385 610 3431 labescat
649 3385 817 3430 Bamb.
859 3385 1108 3431 labascatur
1147 3389 1297 3432 ceteri
1331 3387 1442 3431 libri
1581 3384 1680 3431 686
1718 3397 1820 3443 pars
1860 3384 2111 3430 Mercerus

216 3458 308 3516 pari
345 3458 455 3502 libri
482 3459 705 3516 plerique
744 3471 851 3516 pary
889 3457 946 3500 W
1100 3464 1251 3502 tensae
1288 3464 1422 3516 atque
1462 3456 1528 3500 ori
1565 3457 1742 3513 scripsi
1785 3456 1950 3499 tesauri
1983 3455 2107 3513 libri,

217 3528 302 3572 secl
337 3527 362 3571 h
403 3539 654 3585 suprascr.
693 3528 821 3572 Leid.
863 3534 978 3572 tersa
1018 3529 1084 3572 ori
1123 3526 1377 3573 Mercerus
1415 3532 1534 3571 texta
1572 3539 1681 3571 auro
1730 3525 1796 3569 ori
1836 3525 2037 3571 Bothius

218 3596 537 3642 acconmodant
575 3598 684 3643 libri
