<?xml version="1.0" encoding="UTF-8"?>
<!DOCTYPE html PUBLIC "-//W3C//DTD XHTML 1.0 Transitional//EN"
    "http://www.w3.org/TR/xhtml1/DTD/xhtml1-transitional.dtd">
<html xmlns="http://www.w3.org/1999/xhtml" xml:lang="en" lang="en">
 <head>
  <title>
</title>
<meta http-equiv="Content-Type" content="text/html;charset=utf-8" />
  <meta name='ocr-system' content='tesseract 3.04.00' />
  <meta name='ocr-capabilities' content='ocr_page ocr_carea ocr_par ocr_line ocrx_word'/>
</head>
<body>
  <div class='ocr_page' id='page_1' title='image "./scaenicaeromano01ribbuoft_0038.png"; bbox 0 0 2294 3844; ppageno 0'>
   <div class='ocr_carea' id='block_1_1' title="bbox 158 227 1325 279">
    <p class='ocr_par' dir='ltr' id='par_1_1' title="bbox 158 227 1325 279">
     <span class='ocr_line' id='line_1_1' title="bbox 158 227 1325 279; baseline -0.009 0"><span class='ocrx_word' id='word_1_1' title='bbox 158 236 342 279; x_wconf 62' lang='lat' dir='ltr'>XXXIV</span> <span class='ocrx_word' id='word_1_2' title='bbox 888 227 1325 272; x_wconf 73' lang='lat' dir='ltr'>coRoLLARlVM</span> 
     </span>
    </p>
   </div>
   <div class='ocr_carea' id='block_1_2' title="bbox 145 359 2100 3027">
    <p class='ocr_par' dir='ltr' id='par_1_2' title="bbox 145 359 2054 1495">
     <span class='ocr_line' id='line_1_2' title="bbox 145 359 2054 430; baseline -0.004 -10"><span class='ocrx_word' id='word_1_3' title='bbox 145 374 401 422; x_wconf 63' lang='lat' dir='ltr'>Secuntur</span> <span class='ocrx_word' id='word_1_4' title='bbox 441 366 658 417; x_wconf 76' lang='lat' dir='ltr'>baec-hei</span> <span class='ocrx_word' id='word_1_5' title='bbox 692 366 917 416; x_wconf 79' lang='lat' dir='ltr'>fortasse</span> <span class='ocrx_word' id='word_1_6' title='bbox 951 364 1053 430; x_wconf 84' lang='lat' dir='ltr'>ipsi</span> <span class='ocrx_word' id='word_1_7' title='bbox 1089 380 1296 430; x_wconf 75' lang='lat' dir='ltr'>quoque</span> <span class='ocrx_word' id='word_1_8' title='bbox 1330 361 1384 410; x_wconf 91' lang='lat' dir='ltr'>in</span> <span class='ocrx_word' id='word_1_9' title='bbox 1425 359 1707 410; x_wconf 72' lang='lat' dir='ltr'>iambicam</span> <span class='ocrx_word' id='word_1_10' title='bbox 1748 361 2054 429; x_wconf 76' lang='lat' dir='ltr'>clausulam,</span> 
     </span>
     <span class='ocr_line' id='line_1_3' title="bbox 146 447 2054 525; baseline -0.004 -18"><span class='ocrx_word' id='word_1_11' title='bbox 146 458 359 525; x_wconf 74' lang='lat' dir='ltr'>qualem</span> <span class='ocrx_word' id='word_1_12' title='bbox 410 455 672 506; x_wconf 68' lang='lat' dir='ltr'>Christius</span> <span class='ocrx_word' id='word_1_13' title='bbox 724 454 753 503; x_wconf 89' lang='lat' dir='ltr'>l.</span> <span class='ocrx_word' id='word_1_14' title='bbox 798 454 828 503; x_wconf 88' lang='lat' dir='ltr'>l.</span> <span class='ocrx_word' id='word_1_15' title='bbox 870 453 923 502; x_wconf 91' lang='grc'>111</span> <span class='ocrx_word' id='word_1_16' title='bbox 971 450 1195 503; x_wconf 80' lang='lat' dir='ltr'>Casinae</span> <span class='ocrx_word' id='word_1_17' title='bbox 1243 449 1323 500; x_wconf 91' lang='grc' dir='ltr'>ΠΙ</span> <span class='ocrx_word' id='word_1_18' title='bbox 1366 449 1421 513; x_wconf 75' lang='lat'>5,</span> <span class='ocrx_word' id='word_1_19' title='bbox 1469 447 1540 497; x_wconf 77' lang='lat'>42</span> <span class='ocrx_word' id='word_1_20' title='bbox 1587 464 1650 496; x_wconf 86' lang='lat' dir='ltr'>ex</span> <span class='ocrx_word' id='word_1_21' title='bbox 1697 447 2054 499; x_wconf 84' lang='lat' dir='ltr'>Ambrosiano</span> 
     </span>
     <span class='ocr_line' id='line_1_4' title="bbox 151 536 2054 610; baseline -0.005 -15"><span class='ocrx_word' id='word_1_22' title='bbox 151 546 307 610; x_wconf 76' lang='lat' dir='ltr'>eruit,</span> <span class='ocrx_word' id='word_1_23' title='bbox 349 547 622 608; x_wconf 83' lang='lat' dir='ltr'>exeuntes,</span> <span class='ocrx_word' id='word_1_24' title='bbox 671 543 713 592; x_wconf 83' lang='lat' dir='ltr'>si</span> <span class='ocrx_word' id='word_1_25' title='bbox 764 541 975 609; x_wconf 78' lang='lat' dir='ltr'>quidem</span> <span class='ocrx_word' id='word_1_26' title='bbox 1024 539 1301 590; x_wconf 87' lang='lat' dir='ltr'>obscuram</span> <span class='ocrx_word' id='word_1_27' title='bbox 1350 541 1402 587; x_wconf 83' lang='lat' dir='ltr'>et</span> <span class='ocrx_word' id='word_1_28' title='bbox 1450 537 1752 601; x_wconf 72' lang='lat' dir='ltr'>corruptam</span> <span class='ocrx_word' id='word_1_29' title='bbox 1800 536 2054 586; x_wconf 87' lang='lat' dir='ltr'>librorum</span> 
     </span>
     <span class='ocr_line' id='line_1_5' title="bbox 154 630 971 696; baseline -0.005 -14"><span class='ocrx_word' id='word_1_30' title='bbox 154 632 462 682; x_wconf 83' lang='lat' dir='ltr'>memoriam</span> <span class='ocrx_word' id='word_1_31' title='bbox 506 632 577 681; x_wconf 85' lang='lat' dir='ltr'>sic</span> <span class='ocrx_word' id='word_1_32' title='bbox 620 630 971 696; x_wconf 80' lang='lat' dir='ltr'>redint-egres:</span> 
     </span>
     <span class='ocr_line' id='line_1_6' title="bbox 477 710 1708 787; baseline -0.007 -17"><span class='ocrx_word' id='word_1_33' title='bbox 477 736 800 787; x_wconf 79' lang='lat' dir='ltr'>quamquam</span> <span class='ocrx_word' id='word_1_34' title='bbox 841 715 975 767; x_wconf 86' lang='lat' dir='ltr'>illud</span> <span class='ocrx_word' id='word_1_35' title='bbox 1016 715 1219 766; x_wconf 77' lang='lat' dir='ltr'>dulcest</span> <span class='ocrx_word' id='word_1_36' title='bbox 1258 732 1371 765; x_wconf 88' lang='lat' dir='ltr'>esse</span> <span class='ocrx_word' id='word_1_37' title='bbox 1412 717 1465 764; x_wconf 87' lang='lat' dir='ltr'>et</span> <span class='ocrx_word' id='word_1_38' title='bbox 1504 710 1708 777; x_wconf 82' lang='lat' dir='ltr'>bibere,</span> 
     </span>
     <span class='ocr_line' id='line_1_7' title="bbox 476 800 1816 868; baseline -0.005 -11"><span class='ocrx_word' id='word_1_39' title='bbox 476 810 623 858; x_wconf 75' lang='grc'>1111161·</span> <span class='ocrx_word' id='word_1_40' title='bbox 664 806 830 857; x_wconf 83' lang='lat' dir='ltr'>amari</span> <span class='ocrx_word' id='word_1_41' title='bbox 871 804 960 856; x_wconf 63' lang='lat' dir='ltr'>dat</span> <span class='ocrx_word' id='word_1_42' title='bbox 999 809 1163 856; x_wconf 74' lang='lat' dir='ltr'>tamen</span> <span class='ocrx_word' id='word_1_43' title='bbox 1205 805 1331 855; x_wconf 70' lang='lat' dir='ltr'>satis</span> <span class='ocrx_word' id='word_1_44' title='bbox 1369 803 1503 868; x_wconf 74' lang='lat' dir='ltr'>qnod</span> <span class='ocrx_word' id='word_1_45' title='bbox 1538 802 1607 853; x_wconf 71' lang='lat' dir='ltr'>sit</span> <span class='ocrx_word' id='word_1_46' title='bbox 1645 800 1816 865; x_wconf 60' lang='grc' dir='ltr'>ι’(ιξφίτς</span> 
     </span>
     <span class='ocr_line' id='line_1_8' title="bbox 567 891 1604 963; baseline -0.006 -17"><span class='ocrx_word' id='word_1_47' title='bbox 567 894 707 963; x_wconf 82' lang='lat' dir='ltr'>fugit</span> <span class='ocrx_word' id='word_1_48' title='bbox 747 894 943 960; x_wconf 88' lang='lat' dir='ltr'>forum,</span> <span class='ocrx_word' id='word_1_49' title='bbox 983 893 1135 960; x_wconf 75' lang='lat' dir='ltr'>fugat</span> <span class='ocrx_word' id='word_1_50' title='bbox 1177 896 1285 943; x_wconf 71' lang='lat' dir='ltr'>tuos</span> <span class='ocrx_word' id='word_1_51' title='bbox 1325 891 1604 958; x_wconf 73' lang='lat' dir='ltr'>cognatos,</span> 
     </span>
     <span class='ocr_line' id='line_1_9' title="bbox 562 981 1632 1050; baseline -0.006 -16"><span class='ocrx_word' id='word_1_52' title='bbox 562 984 715 1050; x_wconf 69' lang='lat' dir='ltr'>fugat</span> <span class='ocrx_word' id='word_1_53' title='bbox 756 983 919 1048; x_wconf 68' lang='lat' dir='ltr'>ipsum</span> <span class='ocrx_word' id='word_1_54' title='bbox 960 981 1113 1033; x_wconf 79' lang='lat' dir='ltr'>so&#39;lem</span> <span class='ocrx_word' id='word_1_55' title='bbox 1156 981 1221 1031; x_wconf 89' lang='lat' dir='ltr'>ab</span> <span class='ocrx_word' id='word_1_56' title='bbox 1264 982 1358 1031; x_wconf 77' lang='lat' dir='ltr'>suo</span> <span class='ocrx_word' id='word_1_57' title='bbox 1399 983 1632 1030; x_wconf 82' lang='grc'>6011111111.</span> 
     </span>
     <span class='ocr_line' id='line_1_10' title="bbox 336 1066 1886 1138; baseline -0.005 -15"><span class='ocrx_word' id='word_1_58' title='bbox 336 1072 485 1123; x_wconf 81' lang='lat' dir='ltr'>Mille</span> <span class='ocrx_word' id='word_1_59' title='bbox 527 1071 697 1121; x_wconf 83' lang='lat' dir='ltr'>modis</span> <span class='ocrx_word' id='word_1_60' title='bbox 739 1088 887 1120; x_wconf 83' lang='lat' dir='ltr'>amor</span> <span class='ocrx_word' id='word_1_61' title='bbox 927 1069 1304 1138; x_wconf 82' lang='lat' dir='ltr'>ignorandust,</span> <span class='ocrx_word' id='word_1_62' title='bbox 1345 1068 1529 1135; x_wconf 90' lang='lat' dir='ltr'>procul</span> <span class='ocrx_word' id='word_1_63' title='bbox 1570 1066 1886 1133; x_wconf 87' lang='lat' dir='ltr'>abdendust,</span> 
     </span>
     <span class='ocr_line' id='line_1_11' title="bbox 1370 1154 1980 1223; baseline 0 -17"><span class='ocrx_word' id='word_1_64' title='bbox 1370 1156 1573 1223; x_wconf 91' lang='lat' dir='ltr'>[procul</span> <span class='ocrx_word' id='word_1_65' title='bbox 1612 1154 1980 1207; x_wconf 74' lang='lat' dir='ltr'>abstamlnmst.</span> 
     </span>
     <span class='ocr_line' id='line_1_12' title="bbox 469 1244 1746 1316; baseline -0.006 -16"><span class='ocrx_word' id='word_1_66' title='bbox 469 1251 593 1300; x_wconf 72' lang='lat' dir='ltr'>nam</span> <span class='ocrx_word' id='word_1_67' title='bbox 637 1249 725 1316; x_wconf 78' lang='lat' dir='ltr'>qui</span> <span class='ocrx_word' id='word_1_68' title='bbox 766 1249 821 1298; x_wconf 91' lang='lat' dir='ltr'>in</span> <span class='ocrx_word' id='word_1_69' title='bbox 862 1264 1098 1298; x_wconf 86' lang='lat' dir='ltr'>amorem</span> <span class='ocrx_word' id='word_1_70' title='bbox 1138 1244 1511 1313; x_wconf 86' lang='lat' dir='ltr'>praecipitavit</span> <span class='ocrx_word' id='word_1_71' title='bbox 1549 1263 1584 1294; x_wconf 83' lang='lat' dir='ltr'>c.</span> <span class='ocrx_word' id='word_1_72' title='bbox 1625 1261 1668 1308; x_wconf 74' lang='lat' dir='ltr'>q.</span> <span class='ocrx_word' id='word_1_73' title='bbox 1708 1260 1746 1293; x_wconf 75' lang='lat'>3.</span> 
     </span>
     <span class='ocr_line' id='line_1_13' title="bbox 161 1334 1384 1390; baseline -0.006 0"><span class='ocrx_word' id='word_1_74' title='bbox 161 1341 289 1390; x_wconf 85' lang='lat' dir='ltr'>[tem</span> <span class='ocrx_word' id='word_1_75' title='bbox 333 1339 469 1389; x_wconf 86' lang='lat' dir='ltr'>infra</span> <span class='ocrx_word' id='word_1_76' title='bbox 509 1357 553 1389; x_wconf 85' lang='lat' dir='ltr'>v.</span> <span class='ocrx_word' id='word_1_77' title='bbox 597 1338 700 1388; x_wconf 80' lang='lat'>:271</span> <span class='ocrx_word' id='word_1_78' title='bbox 745 1335 866 1386; x_wconf 81' lang='lat' dir='ltr'>libri</span> <span class='ocrx_word' id='word_1_79' title='bbox 906 1336 1068 1386; x_wconf 89' lang='lat' dir='ltr'>talem</span> <span class='ocrx_word' id='word_1_80' title='bbox 1110 1334 1384 1385; x_wconf 78' lang='lat' dir='ltr'>exhibent:</span> 
     </span>
     <span class='ocr_line' id='line_1_14' title="bbox 418 1420 1790 1495; baseline -0.006 -18"><span class='ocrx_word' id='word_1_81' title='bbox 418 1427 740 1495; x_wconf 75' lang='lat' dir='ltr'>quamquam</span> <span class='ocrx_word' id='word_1_82' title='bbox 781 1424 856 1475; x_wconf 91' lang='lat' dir='ltr'>ibi</span> <span class='ocrx_word' id='word_1_83' title='bbox 897 1424 1076 1474; x_wconf 74' lang='lat' dir='ltr'>animo</span> <span class='ocrx_word' id='word_1_84' title='bbox 1117 1423 1269 1474; x_wconf 89' lang='lat' dir='ltr'>labos</span> <span class='ocrx_word' id='word_1_85' title='bbox 1312 1420 1530 1490; x_wconf 75' lang='lat' dir='ltr'>grandis</span> <span class='ocrx_word' id='word_1_86' title='bbox 1572 1420 1790 1487; x_wconf 87' lang='lat' dir='ltr'>capitur.</span> 
     </span>
    </p>

    <p class='ocr_par' dir='ltr' id='par_1_3' title="bbox 149 1523 2058 1860">
     <span class='ocr_line' id='line_1_15' title="bbox 296 1523 2056 1597; baseline -0.005 -15"><span class='ocrx_word' id='word_1_87' title='bbox 296 1530 358 1582; x_wconf 77' lang='lat' dir='ltr'>V.</span> <span class='ocrx_word' id='word_1_88' title='bbox 402 1531 509 1582; x_wconf 73' lang='lat'>315</span> <span class='ocrx_word' id='word_1_89' title='bbox 551 1548 662 1597; x_wconf 82' lang='lat' dir='ltr'>sqq.</span> <span class='ocrx_word' id='word_1_90' title='bbox 715 1528 804 1596; x_wconf 78' lang='lat' dir='ltr'>qui</span> <span class='ocrx_word' id='word_1_91' title='bbox 852 1527 1107 1578; x_wconf 88' lang='lat' dir='ltr'>continuo</span> <span class='ocrx_word' id='word_1_92' title='bbox 1157 1526 1339 1576; x_wconf 87' lang='lat' dir='ltr'>ordine</span> <span class='ocrx_word' id='word_1_93' title='bbox 1389 1524 1588 1575; x_wconf 83' lang='lat' dir='ltr'>servari</span> <span class='ocrx_word' id='word_1_94' title='bbox 1628 1523 1834 1590; x_wconf 86' lang='lat' dir='ltr'>volunt,</span> <span class='ocrx_word' id='word_1_95' title='bbox 1891 1523 2056 1574; x_wconf 89' lang='lat' dir='ltr'>inere-</span> 
     </span>
     <span class='ocr_line' id='line_1_16' title="bbox 150 1611 2058 1680; baseline -0.005 -9"><span class='ocrx_word' id='word_1_96' title='bbox 150 1621 362 1671; x_wconf 84' lang='lat' dir='ltr'>dibilem</span> <span class='ocrx_word' id='word_1_97' title='bbox 404 1620 458 1669; x_wconf 90' lang='lat' dir='ltr'>in</span> <span class='ocrx_word' id='word_1_98' title='bbox 500 1617 716 1668; x_wconf 89' lang='lat' dir='ltr'>modum</span> <span class='ocrx_word' id='word_1_99' title='bbox 760 1615 1101 1667; x_wconf 86' lang='lat' dir='ltr'>blateravisse</span> <span class='ocrx_word' id='word_1_100' title='bbox 1142 1614 1379 1666; x_wconf 86' lang='lat' dir='ltr'>Ennium</span> <span class='ocrx_word' id='word_1_101' title='bbox 1420 1612 1725 1664; x_wconf 78' lang='lat' dir='ltr'>concedant.</span> <span class='ocrx_word' id='word_1_102' title='bbox 1803 1611 1891 1662; x_wconf 88' lang='lat' dir='ltr'>An</span> <span class='ocrx_word' id='word_1_103' title='bbox 1932 1612 2058 1680; x_wconf 89' lang='lat' dir='ltr'>quid</span> 
     </span>
     <span class='ocr_line' id='line_1_17' title="bbox 150 1701 2057 1774; baseline -0.006 -14"><span class='ocrx_word' id='word_1_104' title='bbox 150 1709 290 1760; x_wconf 85' lang='lat' dir='ltr'>aliud</span> <span class='ocrx_word' id='word_1_105' title='bbox 339 1711 420 1759; x_wconf 90' lang='lat' dir='ltr'>est</span> <span class='ocrx_word' id='word_1_106' title='bbox 467 1710 589 1774; x_wconf 87' lang='lat' dir='ltr'>post</span> <span class='ocrx_word' id='word_1_107' title='bbox 637 1705 766 1756; x_wconf 89' lang='lat' dir='ltr'>haec</span> <span class='ocrx_word' id='word_1_108' title='bbox 814 1704 1144 1772; x_wconf 76' lang='lat' dir='ltr'>‘priusquam</span> <span class='ocrx_word' id='word_1_109' title='bbox 1195 1705 1388 1770; x_wconf 88' lang='lat' dir='ltr'>oppeto</span> <span class='ocrx_word' id='word_1_110' title='bbox 1438 1701 1649 1763; x_wconf 39' lang='lat' dir='ltr'>malam,</span> <span class='ocrx_word' id='word_1_111' title='bbox 1684 1702 1908 1766; x_wconf 89' lang='lat' dir='ltr'>pestem’</span> <span class='ocrx_word' id='word_1_112' title='bbox 1951 1718 2057 1750; x_wconf 88' lang='lat' dir='ltr'>uno</span> 
     </span>
     <span class='ocr_line' id='line_1_18' title="bbox 149 1788 2058 1860; baseline -0.006 -12"><span class='ocrx_word' id='word_1_113' title='bbox 149 1816 301 1848; x_wconf 75' lang='lat' dir='ltr'>versu</span> <span class='ocrx_word' id='word_1_114' title='bbox 343 1796 503 1847; x_wconf 89' lang='lat' dir='ltr'>etiam</span> <span class='ocrx_word' id='word_1_115' title='bbox 545 1792 861 1860; x_wconf 89' lang='lat' dir='ltr'>interposito</span> <span class='ocrx_word' id='word_1_116' title='bbox 913 1792 967 1842; x_wconf 92' lang='lat' dir='ltr'>in</span> <span class='ocrx_word' id='word_1_117' title='bbox 1009 1791 1191 1842; x_wconf 87' lang='lat' dir='ltr'>eadem</span> <span class='ocrx_word' id='word_1_118' title='bbox 1234 1789 1500 1841; x_wconf 90' lang='lat' dir='ltr'>sententia</span> <span class='ocrx_word' id='word_1_119' title='bbox 1541 1788 1821 1839; x_wconf 89' lang='lat' dir='ltr'>adnectere</span> <span class='ocrx_word' id='word_1_120' title='bbox 1863 1788 1928 1839; x_wconf 85' lang='lat' dir='ltr'>‘si</span> <span class='ocrx_word' id='word_1_121' title='bbox 1969 1788 2058 1856; x_wconf 88' lang='lat' dir='ltr'>qui</span> 
     </span>
    </p>

    <p class='ocr_par' dir='ltr' id='par_1_4' title="bbox 151 1876 2100 2481">
     <span class='ocr_line' id='line_1_19' title="bbox 196 1876 2057 1949; baseline -0.004 -13"><span class='ocrx_word' id='word_1_122' title='bbox 196 1928 203 1936; x_wconf 92' lang='lat'><strong>.</strong></span> <span class='ocrx_word' id='word_1_123' title='bbox 241 1928 248 1935; x_wconf 94' lang='lat'>.</span> <span class='ocrx_word' id='word_1_124' title='bbox 278 1903 420 1935; x_wconf 92' lang='lat' dir='ltr'>mors</span> <span class='ocrx_word' id='word_1_125' title='bbox 447 1882 669 1934; x_wconf 80' lang='lat' dir='ltr'>devitari</span> <span class='ocrx_word' id='word_1_126' title='bbox 695 1880 932 1949; x_wconf 76' lang='lat' dir='ltr'>potest’?</span> <span class='ocrx_word' id='word_1_127' title='bbox 980 1878 1121 1930; x_wconf 88' lang='lat' dir='ltr'>Nam</span> <span class='ocrx_word' id='word_1_128' title='bbox 1148 1878 1288 1946; x_wconf 86' lang='lat' dir='ltr'>apud</span> <span class='ocrx_word' id='word_1_129' title='bbox 1313 1877 1607 1929; x_wconf 84' lang='lat' dir='ltr'>Homerum</span> <span class='ocrx_word' id='word_1_130' title='bbox 1642 1876 1701 1927; x_wconf 92' lang='lat' dir='ltr'>Il.</span> <span class='ocrx_word' id='word_1_131' title='bbox 1729 1877 1778 1925; x_wconf 87' lang='lat' dir='ltr'><em>A</em></span> <span class='ocrx_word' id='word_1_132' title='bbox 1805 1877 1910 1928; x_wconf 75' lang='lat'>828</span> <span class='ocrx_word' id='word_1_133' title='bbox 1945 1895 2057 1945; x_wconf 87' lang='lat' dir='ltr'>sqq.</span> 
     </span>
     <span class='ocr_line' id='line_1_20' title="bbox 152 1966 2058 2040; baseline -0.005 -16"><span class='ocrx_word' id='word_1_134' title='bbox 152 1974 412 2040; x_wconf 76' lang='lat' dir='ltr'>simplicia</span> <span class='ocrx_word' id='word_1_135' title='bbox 461 1972 639 2022; x_wconf 90' lang='lat' dir='ltr'>omnia</span> <span class='ocrx_word' id='word_1_136' title='bbox 687 1974 739 2021; x_wconf 91' lang='lat' dir='ltr'>et</span> <span class='ocrx_word' id='word_1_137' title='bbox 793 1970 954 2036; x_wconf 89' lang='lat' dir='ltr'>plana</span> <span class='ocrx_word' id='word_1_138' title='bbox 1002 1972 1055 2018; x_wconf 93' lang='lat' dir='ltr'>et</span> <span class='ocrx_word' id='word_1_139' title='bbox 1102 1985 1256 2033; x_wconf 88' lang='lat' dir='ltr'>sana,</span> <span class='ocrx_word' id='word_1_140' title='bbox 1312 1985 1408 2017; x_wconf 89' lang='lat' dir='ltr'>nec</span> <span class='ocrx_word' id='word_1_141' title='bbox 1466 1984 1528 2016; x_wconf 87' lang='lat' dir='ltr'>ea</span> <span class='ocrx_word' id='word_1_142' title='bbox 1582 1966 1722 2015; x_wconf 88' lang='lat' dir='ltr'>inter</span> <span class='ocrx_word' id='word_1_143' title='bbox 1776 1968 2058 2033; x_wconf 86' lang='lat' dir='ltr'>utrumque</span> 
     </span>
     <span class='ocr_line' id='line_1_21' title="bbox 151 2052 2100 2124; baseline -0.005 -12"><span class='ocrx_word' id='word_1_144' title='bbox 151 2063 323 2113; x_wconf 82' lang='lat' dir='ltr'>locum</span> <span class='ocrx_word' id='word_1_145' title='bbox 374 2059 665 2111; x_wconf 88' lang='lat' dir='ltr'>similitudo</span> <span class='ocrx_word' id='word_1_146' title='bbox 706 2057 1006 2123; x_wconf 73' lang='lat' dir='ltr'>intercedit,</span> <span class='ocrx_word' id='word_1_147' title='bbox 1057 2075 1160 2124; x_wconf 79' lang='lat' dir='ltr'>qua</span> <span class='ocrx_word' id='word_1_148' title='bbox 1208 2056 1379 2106; x_wconf 89' lang='lat' dir='ltr'>nostri</span> <span class='ocrx_word' id='word_1_149' title='bbox 1419 2053 1731 2105; x_wconf 87' lang='lat' dir='ltr'>memoriam</span> <span class='ocrx_word' id='word_1_150' title='bbox 1782 2052 2058 2103; x_wconf 87' lang='lat' dir='ltr'>defendere</span> <span class='ocrx_word' id='word_1_151' title='bbox 2094 2056 2100 2057; x_wconf 47' lang='lat'><em>⁷</em></span> 
     </span>
     <span class='ocr_line' id='line_1_22' title="bbox 153 2140 2057 2216; baseline -0.006 -15"><span class='ocrx_word' id='word_1_152' title='bbox 153 2151 319 2201; x_wconf 84' lang='lat' dir='ltr'>liceat.</span> <span class='ocrx_word' id='word_1_153' title='bbox 370 2149 512 2209; x_wconf 79' lang='lat' dir='ltr'>Quae</span> <span class='ocrx_word' id='word_1_154' title='bbox 555 2147 819 2216; x_wconf 85' lang='lat' dir='ltr'>quomodo</span> <span class='ocrx_word' id='word_1_155' title='bbox 845 2148 1093 2213; x_wconf 87' lang='lat' dir='ltr'>corrupta</span> <span class='ocrx_word' id='word_1_156' title='bbox 1119 2144 1209 2211; x_wconf 87' lang='lat' dir='ltr'>sit,</span> <span class='ocrx_word' id='word_1_157' title='bbox 1250 2162 1376 2195; x_wconf 88' lang='lat' dir='ltr'>sane</span> <span class='ocrx_word' id='word_1_158' title='bbox 1402 2143 1544 2195; x_wconf 86' lang='lat' dir='ltr'>varie</span> <span class='ocrx_word' id='word_1_159' title='bbox 1581 2145 1760 2209; x_wconf 88' lang='lat' dir='ltr'>potest</span> <span class='ocrx_word' id='word_1_160' title='bbox 1794 2140 2057 2208; x_wconf 83' lang='lat' dir='ltr'>explicari,</span> 
     </span>
     <span class='ocr_line' id='line_1_23' title="bbox 151 2228 2056 2289; baseline -0.006 0"><span class='ocrx_word' id='word_1_161' title='bbox 151 2240 231 2289; x_wconf 74' lang='lat' dir='ltr'>vel</span> <span class='ocrx_word' id='word_1_162' title='bbox 279 2242 336 2289; x_wconf 90' lang='lat' dir='ltr'>ut</span> <span class='ocrx_word' id='word_1_163' title='bbox 384 2237 630 2288; x_wconf 83' lang='lat' dir='ltr'>librarios</span> <span class='ocrx_word' id='word_1_164' title='bbox 680 2234 950 2288; x_wconf 83' lang='lat' dir='ltr'>Ciceronis</span> <span class='ocrx_word' id='word_1_165' title='bbox 999 2232 1297 2285; x_wconf 85' lang='lat' dir='ltr'>turbavisse</span> <span class='ocrx_word' id='word_1_166' title='bbox 1347 2233 1586 2283; x_wconf 85' lang='lat' dir='ltr'>ordinem</span> <span class='ocrx_word' id='word_1_167' title='bbox 1633 2230 1715 2280; x_wconf 87' lang='lat' dir='ltr'>vel</span> <span class='ocrx_word' id='word_1_168' title='bbox 1763 2228 1902 2279; x_wconf 86' lang='lat' dir='ltr'>hunc</span> <span class='ocrx_word' id='word_1_169' title='bbox 1950 2245 2056 2278; x_wconf 90' lang='lat' dir='ltr'>me-</span> 
     </span>
     <span class='ocr_line' id='line_1_24' title="bbox 151 2316 2056 2391; baseline -0.006 -14"><span class='ocrx_word' id='word_1_170' title='bbox 151 2327 320 2377; x_wconf 85' lang='lat' dir='ltr'>moria</span> <span class='ocrx_word' id='word_1_171' title='bbox 360 2326 553 2376; x_wconf 85' lang='lat' dir='ltr'>falsum</span> <span class='ocrx_word' id='word_1_172' title='bbox 592 2325 936 2391; x_wconf 74' lang='lat' dir='ltr'>neglegenter</span> <span class='ocrx_word' id='word_1_173' title='bbox 976 2322 1196 2374; x_wconf 88' lang='lat' dir='ltr'>lacinias</span> <span class='ocrx_word' id='word_1_174' title='bbox 1245 2324 1432 2388; x_wconf 87' lang='lat' dir='ltr'>poetae</span> <span class='ocrx_word' id='word_1_175' title='bbox 1473 2317 1756 2386; x_wconf 89' lang='lat' dir='ltr'>protulisse</span> <span class='ocrx_word' id='word_1_176' title='bbox 1799 2316 1906 2367; x_wconf 87' lang='lat' dir='ltr'>sive</span> <span class='ocrx_word' id='word_1_177' title='bbox 1946 2334 2056 2368; x_wconf 89' lang='lat' dir='ltr'>cor-</span> 
     </span>
     <span class='ocr_line' id='line_1_25' title="bbox 155 2411 1524 2481; baseline -0.005 -17"><span class='ocrx_word' id='word_1_178' title='bbox 155 2419 369 2481; x_wconf 84' lang='lat' dir='ltr'>ruptum</span> <span class='ocrx_word' id='word_1_179' title='bbox 411 2414 521 2463; x_wconf 87' lang='lat' dir='ltr'>eius</span> <span class='ocrx_word' id='word_1_180' title='bbox 563 2412 831 2479; x_wconf 86' lang='lat' dir='ltr'>exemplar</span> <span class='ocrx_word' id='word_1_181' title='bbox 872 2414 1111 2463; x_wconf 86' lang='lat' dir='ltr'>secutum</span> <span class='ocrx_word' id='word_1_182' title='bbox 1153 2426 1265 2461; x_wconf 87' lang='lat' dir='ltr'>esse</span> <span class='ocrx_word' id='word_1_183' title='bbox 1307 2411 1524 2459; x_wconf 89' lang='lat' dir='ltr'>statuas.</span> 
     </span>
    </p>

    <p class='ocr_par' dir='ltr' id='par_1_5' title="bbox 156 2507 2058 3027">
     <span class='ocr_line' id='line_1_26' title="bbox 301 2507 2058 2578; baseline -0.006 -11"><span class='ocrx_word' id='word_1_184' title='bbox 301 2517 519 2567; x_wconf 80' lang='lat' dir='ltr'>Exitum</span> <span class='ocrx_word' id='word_1_185' title='bbox 543 2533 724 2566; x_wconf 84' lang='lat' dir='ltr'>versus</span> <span class='ocrx_word' id='word_1_186' title='bbox 759 2516 863 2566; x_wconf 79' lang='grc'>327</span> <span class='ocrx_word' id='word_1_187' title='bbox 905 2518 962 2566; x_wconf 73' lang='lat' dir='ltr'>in</span> <span class='ocrx_word' id='word_1_188' title='bbox 998 2514 1219 2578; x_wconf 70' lang='lat' dir='ltr'>frontem</span> <span class='ocrx_word' id='word_1_189' title='bbox 1249 2509 1545 2578; x_wconf 55' lang='lat' dir='ltr'>yffoonptdwz«</span> <span class='ocrx_word' id='word_1_190' title='bbox 1576 2526 1693 2575; x_wconf 70' lang='lat' dir='ltr'>yero</span> <span class='ocrx_word' id='word_1_191' title='bbox 1724 2507 1809 2575; x_wconf 86' lang='lat' dir='ltr'>(ef.</span> <span class='ocrx_word' id='word_1_192' title='bbox 1837 2507 1902 2559; x_wconf 85' lang='lat' dir='ltr'>ad</span> <span class='ocrx_word' id='word_1_193' title='bbox 1932 2509 2058 2576; x_wconf 79' lang='lat'>194)</span> 
     </span>
     <span class='ocr_line' id='line_1_27' title="bbox 156 2595 2057 2671; baseline -0.006 -14"><span class='ocrx_word' id='word_1_194' title='bbox 156 2607 347 2657; x_wconf 89' lang='lat' dir='ltr'>mutari</span> <span class='ocrx_word' id='word_1_195' title='bbox 396 2605 583 2670; x_wconf 87' lang='lat' dir='ltr'>nolim,</span> <span class='ocrx_word' id='word_1_196' title='bbox 633 2603 756 2671; x_wconf 82' lang='lat' dir='ltr'>quia</span> <span class='ocrx_word' id='word_1_197' title='bbox 806 2603 871 2654; x_wconf 88' lang='lat' dir='ltr'>ad</span> <span class='ocrx_word' id='word_1_198' title='bbox 920 2602 1239 2654; x_wconf 87' lang='lat' dir='ltr'>sententiam</span> <span class='ocrx_word' id='word_1_199' title='bbox 1287 2599 1584 2651; x_wconf 89' lang='lat' dir='ltr'>necessaria</span> <span class='ocrx_word' id='word_1_200' title='bbox 1637 2601 1773 2648; x_wconf 90' lang='lat' dir='ltr'>sunt.</span> <span class='ocrx_word' id='word_1_201' title='bbox 1851 2595 2057 2648; x_wconf 88' lang='lat' dir='ltr'>Vitium</span> 
     </span>
     <span class='ocr_line' id='line_1_28' title="bbox 156 2684 2058 2762; baseline -0.006 -17"><span class='ocrx_word' id='word_1_202' title='bbox 156 2712 282 2762; x_wconf 83' lang='lat' dir='ltr'>ergo</span> <span class='ocrx_word' id='word_1_203' title='bbox 338 2712 444 2744; x_wconf 89' lang='lat' dir='ltr'>non</span> <span class='ocrx_word' id='word_1_204' title='bbox 493 2696 669 2759; x_wconf 85' lang='lat' dir='ltr'>potest</span> <span class='ocrx_word' id='word_1_205' title='bbox 716 2710 823 2742; x_wconf 88' lang='lat' dir='ltr'>non</span> <span class='ocrx_word' id='word_1_206' title='bbox 872 2692 925 2741; x_wconf 89' lang='lat' dir='ltr'>in</span> <span class='ocrx_word' id='word_1_207' title='bbox 977 2690 1237 2758; x_wconf 87' lang='lat' dir='ltr'>principio</span> <span class='ocrx_word' id='word_1_208' title='bbox 1288 2688 1491 2756; x_wconf 85' lang='lat' dir='ltr'>quaeri,</span> <span class='ocrx_word' id='word_1_209' title='bbox 1546 2702 1770 2753; x_wconf 84' lang='lat' dir='ltr'>cumque</span> <span class='ocrx_word' id='word_1_210' title='bbox 1818 2684 2058 2735; x_wconf 90' lang='lat' dir='ltr'>adfirmet</span> 
     </span>
     <span class='ocr_line' id='line_1_29' title="bbox 158 2772 2056 2843; baseline -0.006 -10"><span class='ocrx_word' id='word_1_211' title='bbox 158 2782 392 2834; x_wconf 74' lang='lat' dir='ltr'>Achilles</span> <span class='ocrx_word' id='word_1_212' title='bbox 425 2781 759 2832; x_wconf 82' lang='lat' dir='ltr'>inimicitiam</span> <span class='ocrx_word' id='word_1_213' title='bbox 787 2798 840 2831; x_wconf 88' lang='grc'>36</span> <span class='ocrx_word' id='word_1_214' title='bbox 866 2798 975 2831; x_wconf 87' lang='grc'>11011</span> <span class='ocrx_word' id='word_1_215' title='bbox 1000 2779 1176 2830; x_wconf 89' lang='lat' dir='ltr'>minus</span> <span class='ocrx_word' id='word_1_216' title='bbox 1201 2778 1542 2829; x_wconf 85' lang='lat' dir='ltr'>manifestam</span> <span class='ocrx_word' id='word_1_217' title='bbox 1577 2792 1734 2843; x_wconf 87' lang='lat' dir='ltr'>quam</span> <span class='ocrx_word' id='word_1_218' title='bbox 1769 2772 2056 2824; x_wconf 86' lang='lat' dir='ltr'>amicitiam</span> 
     </span>
     <span class='ocr_line' id='line_1_30' title="bbox 158 2860 2056 2938; baseline -0.007 -16"><span class='ocrx_word' id='word_1_219' title='bbox 158 2889 282 2938; x_wconf 87' lang='lat' dir='ltr'>prae</span> <span class='ocrx_word' id='word_1_220' title='bbox 332 2889 385 2921; x_wconf 88' lang='grc'>36</span> <span class='ocrx_word' id='word_1_221' title='bbox 440 2870 596 2935; x_wconf 86' lang='lat' dir='ltr'>ferre,</span> <span class='ocrx_word' id='word_1_222' title='bbox 657 2867 1057 2936; x_wconf 86' lang='lat' dir='ltr'>transponenda</span> <span class='ocrx_word' id='word_1_223' title='bbox 1110 2867 1327 2918; x_wconf 85' lang='lat' dir='ltr'>nomina</span> <span class='ocrx_word' id='word_1_224' title='bbox 1383 2865 1609 2916; x_wconf 83' lang='lat' dir='ltr'>fuerunt.</span> <span class='ocrx_word' id='word_1_225' title='bbox 1702 2860 2056 2911; x_wconf 88' lang='lat' dir='ltr'>Buechelerus</span> 
     </span>
     <span class='ocr_line' id='line_1_31' title="bbox 159 2946 1477 3027; baseline -0.003 -18"><span class='ocrx_word' id='word_1_226' title='bbox 159 2959 369 3027; x_wconf 78' lang='lat' dir='ltr'>quidem</span> <span class='ocrx_word' id='word_1_227' title='bbox 411 2958 675 3008; x_wconf 70' lang='lat' dir='ltr'>¹senarium</span> <span class='ocrx_word' id='word_1_228' title='bbox 715 2958 906 3024; x_wconf 86' lang='lat' dir='ltr'>probat</span> <span class='ocrx_word' id='word_1_229' title='bbox 944 2957 1027 3007; x_wconf 86' lang='lat' dir='ltr'>vel</span> <span class='ocrx_word' id='word_1_230' title='bbox 1065 2956 1206 3007; x_wconf 85' lang='lat' dir='ltr'>hunc</span> <span class='ocrx_word' id='word_1_231' title='bbox 1473 2946 1477 2950; x_wconf 39' lang='lat'><strong><em>⁴</em></strong></span> 
     </span>
    </p>
   </div>
   <div class='ocr_carea' id='block_1_3' title="bbox 160 3058 2052 3613">
    <p class='ocr_par' dir='ltr' id='par_1_6' title="bbox 160 3058 2052 3613">
     <span class='ocr_line' id='line_1_32' title="bbox 405 3058 1820 3128; baseline -0.006 -17"><span class='ocrx_word' id='word_1_232' title='bbox 405 3059 692 3112; x_wconf 86' lang='lat' dir='ltr'>amicitiam</span> <span class='ocrx_word' id='word_1_233' title='bbox 735 3064 893 3128; x_wconf 87' lang='lat' dir='ltr'>atque</span> <span class='ocrx_word' id='word_1_234' title='bbox 933 3058 1270 3110; x_wconf 84' lang='lat' dir='ltr'>inimicitiam</span> <span class='ocrx_word' id='word_1_235' title='bbox 1310 3058 1365 3108; x_wconf 89' lang='lat' dir='ltr'>in</span> <span class='ocrx_word' id='word_1_236' title='bbox 1406 3058 1655 3124; x_wconf 78' lang='lat' dir='ltr'>promptu</span> <span class='ocrx_word' id='word_1_237' title='bbox 1696 3070 1820 3121; x_wconf 87' lang='lat' dir='ltr'>gero</span> 
     </span>
     <span class='ocr_line' id='line_1_33' title="bbox 160 3154 1959 3233; baseline -0.007 -16"><span class='ocrx_word' id='word_1_238' title='bbox 160 3165 375 3233; x_wconf 80' lang='lat' dir='ltr'>(quibus</span> <span class='ocrx_word' id='word_1_239' title='bbox 416 3164 679 3231; x_wconf 80' lang='lat' dir='ltr'>celeritas,</span> <span class='ocrx_word' id='word_1_240' title='bbox 720 3182 827 3214; x_wconf 87' lang='lat' dir='ltr'>non</span> <span class='ocrx_word' id='word_1_241' title='bbox 869 3162 1172 3232; x_wconf 78' lang='lat' dir='ltr'>ingenuitas</span> <span class='ocrx_word' id='word_1_242' title='bbox 1214 3161 1450 3212; x_wconf 89' lang='lat' dir='ltr'>adfectus</span> <span class='ocrx_word' id='word_1_243' title='bbox 1492 3154 1838 3226; x_wconf 87' lang='lat' dir='ltr'>significetur)</span> <span class='ocrx_word' id='word_1_244' title='bbox 1878 3154 1959 3205; x_wconf 88' lang='lat' dir='ltr'>vel</span> 
     </span>
     <span class='ocr_line' id='line_1_34' title="bbox 421 3262 1808 3334; baseline -0.007 -16"><span class='ocrx_word' id='word_1_245' title='bbox 421 3267 706 3318; x_wconf 88' lang='lat' dir='ltr'>amicitiam</span> <span class='ocrx_word' id='word_1_246' title='bbox 749 3271 905 3334; x_wconf 86' lang='lat' dir='ltr'>atque</span> <span class='ocrx_word' id='word_1_247' title='bbox 945 3264 1279 3316; x_wconf 89' lang='lat' dir='ltr'>inimicitiam</span> <span class='ocrx_word' id='word_1_248' title='bbox 1319 3263 1374 3313; x_wconf 89' lang='lat' dir='ltr'>in</span> <span class='ocrx_word' id='word_1_249' title='bbox 1414 3262 1644 3312; x_wconf 87' lang='lat' dir='ltr'>frontem</span> <span class='ocrx_word' id='word_1_250' title='bbox 1684 3275 1808 3326; x_wconf 86' lang='lat' dir='ltr'>gero</span> 
     </span>
     <span class='ocr_line' id='line_1_35' title="bbox 420 3358 722 3422; baseline -0.007 -16"><span class='ocrx_word' id='word_1_251' title='bbox 420 3358 722 3422; x_wconf 84' lang='lat' dir='ltr'>promptam</span> 
     </span>
     <span class='ocr_line' id='line_1_36' title="bbox 168 3449 2052 3525; baseline -0.006 -16"><span class='ocrx_word' id='word_1_252' title='bbox 168 3459 253 3509; x_wconf 80' lang='lat' dir='ltr'>ubi</span> <span class='ocrx_word' id='word_1_253' title='bbox 294 3457 555 3509; x_wconf 84' lang='lat' dir='ltr'>adnexum</span> <span class='ocrx_word' id='word_1_254' title='bbox 597 3458 836 3525; x_wconf 83' lang='lat' dir='ltr'>sequenti</span> <span class='ocrx_word' id='word_1_255' title='bbox 878 3457 1132 3507; x_wconf 84' lang='lat' dir='ltr'>versiculo</span> <span class='ocrx_word' id='word_1_256' title='bbox 1174 3452 1515 3523; x_wconf 76' lang='lat' dir='ltr'>‘promptam’</span> <span class='ocrx_word' id='word_1_257' title='bbox 1557 3449 1802 3517; x_wconf 84' lang='lat' dir='ltr'>infringit</span> <span class='ocrx_word' id='word_1_258' title='bbox 1847 3451 2052 3499; x_wconf 86' lang='lat' dir='ltr'>senten-</span> 
     </span>
     <span class='ocr_line' id='line_1_37' title="bbox 163 3547 556 3613; baseline 0 -17"><span class='ocrx_word' id='word_1_259' title='bbox 163 3547 267 3596; x_wconf 87' lang='lat' dir='ltr'>tiae</span> <span class='ocrx_word' id='word_1_260' title='bbox 308 3547 556 3613; x_wconf 85' lang='lat' dir='ltr'>vigorem.</span> 
     </span>
    </p>
   </div>
  </div>
 </body>
</html>
