2294 3844
225 254 406 297 XLVIII
961 246 1399 290 COROLLARIVM

231 389 290 439 In
331 386 527 437 codicis
569 383 829 450 scriptura
867 401 937 434 an
978 382 1232 434 sanctiora
1283 384 1441 432 antea
1479 380 1642 430 latere
1682 382 1937 447 putabam
1976 383 2125 433 etiam

224 479 449 537 demum,
505 473 594 524 sed
635 472 841 523 facilius
887 475 1101 523 sancta
1153 471 1289 521 iura
1338 469 1393 519 in
1451 469 1708 520 sanctiora
1755 470 1899 521 abire
1939 471 2127 537 potuit.

229 564 362 625 Quia
404 566 580 614 autem
617 580 711 612 suo
753 561 867 612 loco
912 560 1131 611 iuranda
1182 558 1372 609 addere
1421 557 1667 608 librarius
1708 559 2033 627 neglexerat,
2072 560 2127 610 in

228 653 330 703 fine
372 651 666 703 sententiae
707 649 974 717 integrum
1019 649 1137 699 iura
1176 647 1401 699 iurcmda
1441 646 1702 714 adposuit.

372 753 434 805 V.
462 754 568 806 382
605 754 773 818 fronte
797 757 974 804 utrum
1000 751 1317 816 masculino,
1357 754 1416 801 ut
1454 750 1710 801 librorum
1751 749 2012 817 scriptura
2050 749 2127 802 in-

226 843 451 910 dicatur,
501 861 590 909 an,
642 846 700 892 ut
754 841 940 892 testari
988 840 1193 891 videtur
1247 840 1359 907 ipse
1415 838 1816 907 grammaticus,
1873 838 2129 890 feminino

227 949 416 1000 genere
459 931 790 998 usurpaverit
830 929 1091 981 Pacuvius
1133 928 1384 996 ambigua
1423 946 1505 979 res
1547 932 1639 978 est.
1710 926 1987 978 Inmisceri
2026 926 2130 978 isto

228 1021 381 1071 modo
431 1020 672 1070 feminini
721 1019 929 1087 generis
977 1018 1275 1084 exemplum
1323 1035 1431 1068 non
1483 1017 1678 1084 potuit,
1734 1015 1836 1066 nisi
1886 1015 2130 1066 secundis

225 1109 365 1159 curis
422 1109 695 1159 inventum
706 1149 719 1175 ,
775 1108 828 1158 in
885 1107 1125 1174 margine
1180 1106 1482 1172 adpositum
1531 1108 1583 1155 et
1637 1107 1823 1172 postea
1877 1122 1985 1154 non
2035 1122 2129 1155 suo

227 1199 339 1248 loeo
374 1198 631 1247 insertum
666 1213 778 1245 esse
814 1198 1093 1245 statuatur.
1151 1193 1398 1246 Ceterum
1431 1193 1624 1244 iratum
1665 1192 1952 1243 barbarum
1986 1192 2128 1243 simi-

228 1287 363 1337 libus
413 1285 678 1336 coloribus
729 1283 968 1350 depinxit
1018 1283 1277 1350 Apuleius
1327 1286 1538 1333 metam.
1580 1281 1655 1332 IX
1696 1281 1762 1332 21
1807 1281 1974 1331 ‘vultu
2020 1284 2128 1332 tur—

229 1375 350 1441 gido
394 1373 770 1440 subductisque
812 1372 1104 1439 superciliis
1144 1371 1343 1423 incedit
1381 1370 1581 1420 iratus?

398 1477 433 1528 Τ.
472 1477 592 1528 383.
649 1463 922 1526 Luciliana
962 1476 1123 1526 verba
1162 1473 1217 1526 C.
1251 1474 1320 1525 M.
1346 1473 1622 1524 Francken
1664 1473 1718 1523 in
1753 1472 1901 1524 Coni.
1936 1473 2129 1524 criticis

223 1566 542 1633 nuperrimis
583 1565 635 1615 ΙΙ
676 1584 724 1632 p.
766 1566 836 1617 32
879 1565 944 1615 ad
986 1564 1242 1615 auditoris
1282 1562 1517 1614 taedium
1558 1562 1720 1630 longa
1752 1566 1805 1612 et
1845 1562 2130 1629 artificiosa

223 1655 430 1722 prologi
465 1654 794 1721 expositione
828 1657 1031 1704 motum
1070 1653 1250 1704 referri
1288 1652 1413 1702 vult.
1464 1649 1564 1701 Sed
1597 1651 1766 1701 tristis
1800 1651 1886 1701 Vix
1921 1654 2002 1701 est
2039 1651 2129 1719 qui

222 1744 489 1810 inpatiens
531 1760 710 1793 morae
752 1742 1004 1810 ambages
1046 1745 1100 1792 et
1137 1741 1298 1792 tricas
1339 1743 1625 1808 aversatur.

370 1845 433 1897 V.
469 1847 576 1897 385
609 1864 674 1896 ne
709 1846 1020 1913 acephalum
1054 1862 1168 1895 esse
1202 1847 1511 1913 querantur,
1555 1844 1981 1910 supplementum
2021 1847 2127 1895 tro-

223 1936 373 1986 chaei
415 1936 480 1986 ab
523 1935 676 1986 initio
716 1936 794 1985 em
835 1935 916 1985 vel
956 1935 1088 1999 (ty-ite
1128 1933 1227 1984 sibi
1268 1933 1514 1983 habeant.

371 2038 433 2090 V.
468 2039 588 2089 398.
637 2038 970 2089 Auctoritate
1004 2035 1060 2089 C.
1086 2036 1328 2087 Caesaris
1361 2054 1486 2086 usus
1521 2035 1721 2086 Gellius
1753 2036 1881 2087 XIX
1915 2038 1946 2088 8
1978 2055 2126 2104 prae-
2156 2049 2160 2052 “

223 2128 351 2195 cipit
411 2128 711 2193 qnadriyas,
769 2126 978 2177 etiamsi
1035 2143 1171 2175 unus
1212 2143 1394 2175 currus
1452 2125 1542 2191 sit,
1597 2125 1863 2192 plurativo
1919 2143 2127 2193 semper

222 2216 436 2267 nomine
485 2215 732 2266 dicendas
781 2233 918 2281 esse,
966 2213 1240 2281 ‘quoniam
1289 2216 1541 2281 quattuor
1589 2213 1746 2264 simul
1793 2214 1912 2281 equi
1961 2214 2126 2265 iuncti

275 2347 283 2355 .
334 2305 483 2372 quasi
531 2304 866 2369 quadriiuyae
912 2305 1201 2353 vocantur.2
1290 2300 1604 2369 Perquisitis
1660 2305 1837 2352 autem
1889 2306 2126 2353 veterum

224 2393 561 2459 scriptorum,
603 2396 872 2442 oratorum
914 2390 1141 2440 maxime
1183 2393 1236 2439 et
1274 2393 1550 2455 poetarum
1598 2390 1747 2440 libris
1781 2408 1944 2441 unum
1978 2391 2124 2441 dum-

222 2486 371 2531 taxat
418 2481 472 2530 in
521 2479 781 2531 Varronis
830 2483 1010 2529 satura
1056 2478 1128 2545 (p.
1174 2478 1299 2544 118,
1347 2478 1379 2528 6
1429 2477 1514 2545 R.)
1562 2478 1850 2546 quadrigae
1905 2497 2124 2531 numero

225 2569 481 2636 singulari
532 2569 701 2619 dictae
749 2568 1045 2635 exemplum
1095 2565 1390 2633 repperisse
1440 2584 1494 2616 se
1541 2567 1622 2617 vel
1670 2567 1782 2634 ipse
1821 2568 1902 2618 vel
1943 2571 2126 2619 auctor

224 2658 334 2707 eius
376 2663 570 2707 narrat.
650 2656 804 2707 Vnde
853 2656 1029 2724 gravis
1078 2672 1204 2705 sane
1245 2654 1412 2705 oritur
1451 2655 1735 2722 dubitatio,
1782 2674 1909 2706 num
1958 2655 2122 2707 Pacu—

225 2746 340 2795 vius
390 2763 507 2795 vere
558 2747 807 2812 quadriyct
850 2751 1008 2813 atque
1049 2743 1179 2794 adeo
1227 2761 1442 2810 prorsus
1484 2744 1700 2795 insolita
1739 2745 2123 2812 compositione

224 2851 318 2883 asse
355 2835 607 2898 quadriya
650 2834 932 2901 scripserit.
1010 2832 1182 2883 Immo
1222 2835 1530 2899 comparato
1571 2831 1733 2883 Ennii
1775 2837 1947 2884 ‘curru
1997 2852 2120 2901 qua-

225 2922 450 2989 driiugo'
495 2940 538 2972 v.
580 2923 650 2973 92
691 2922 842 2973 facile
882 2922 935 2972 in
979 2921 1244 2972 senarium
1284 2920 1424 2972 hunc
1464 2921 1767 2972 incidimus:

551 3024 780 3089 [Medea]
824 3025 1022 3076 uolucri
1064 3018 1362 3075 currit'axe
1403 3024 1796 3093 quadriiuga.

370 3127 433 3179 V.
473 3128 594 3179 408.
679 3127 966 3179 Pacuviani
1021 3129 1457 3194 mimula-ostrum
1511 3128 1813 3178 meminisse
1860 3127 2121 3179 Lucilium

223 3215 271 3267 V
310 3217 374 3267 19
416 3216 498 3267 his
540 3216 806 3266 ‘lascivire
846 3236 1004 3283 pecus
1030 3217 1145 3267 nasi
1187 3217 1449 3284 rostrique
1489 3216 1807 3282 repandum'
1850 3216 1955 3266 iam
1997 3220 2119 3267 ante

224 3303 278 3355 (².
326 3303 395 3355 M.
445 3303 810 3354 Franckenuin
861 3303 1010 3355 (Ioni.
1066 3305 1177 3355 crit.
1226 3304 1417 3371 (1871)
1465 3322 1513 3370 p.
1562 3303 1631 3354 33
1694 3304 1901 3354 monuit
1954 3303 2117 3359 Fran-

224 3392 390 3442 ciscus
432 3391 625 3443 Dousa.
859 3458 867 3461 s

371 3480 605 3532 Salac-iae
643 3499 687 3532 v.
729 3482 836 3532 418
885 3499 1188 3531 mensuram
1237 3481 1302 3531 ad
1341 3480 1505 3531 Ennii
1551 3497 1595 3531 v.
1641 3480 1705 3531 18
1754 3498 1802 3546 p.
1841 3478 2000 3531 XVII
2039 3481 2116 3531 in-

226 3566 406 3618 dicavi.
