2294 3844
189 221 253 271 74
982 223 1034 271 Q.
1068 220 1286 261 ENvas

984 350 1079 401 LV
1115 348 1288 419 (Lvu)

187 450 295 500 402
337 447 420 500 Eu
433 490 444 514 ‚
483 449 597 499 mea
640 448 838 515 puella,
879 468 904 493 εν»
947 448 1038 513 spe
1079 446 1291 513 quidem
1331 446 1381 496 id
1425 445 1679 499 successit
1716 449 1828 500 tibi.

950 556 1073 609 LVI
1115 554 1310 626 (LVIII)

1157 654 1273 705 aeui
1314 651 1509 723 integri

963 764 1115 816 LVII
1158 761 1308 833 (LIX)

335 903 341 911 .
387 904 392 911 .
438 903 444 910 .
489 903 496 909 .
540 902 548 911 .
591 863 763 930 ungue
804 859 986 934 uilloss
1024 861 1169 912 canis

960 957 1141 1009 LVIII
1182 955 1310 1027 (LX)

189 1053 294 1105 405
335 1033 529 1104 Versat
571 1071 890 1105 mueronem.

977 1150 1098 1202 LIX
1142 1148 1293 1221 (LXI)

1229 1239 1370 1292 fe'rro
1411 1239 1618 1291 :foedati
1653 1240 1841 1292 iacent.

187 1387 375 1428 dicere
409 1389 546 1428 enim
580 1389 741 1428 aiunt
773 1388 1005 1427 Ennium
1040 1387 1285 1428 secundum
1317 1387 1456 1427 libros
1487 1387 1639 1441 uulgo.
1706 1387 1795 1428 Sed
1827 1389 1875 1428 in
1905 1387 2086 1429 Abrinc.

187 1449 231 1484 et
263 1444 355 1484 Erl.
388 1458 413 1484 a
445 1445 560 1484 haec
593 1448 769 1484 tant-um
804 1447 983 1484 extant:
1033 1443 1226 1484 dicere
1260 1446 1399 1484 enim
1434 1448 1528 1484 aut
1558 1446 1740 1497 pienti
1776 1445 2013 1485 facilius
2045 1460 2084 1488 e.

186 1513 226 1552 q.
252 1513 303 1550 s.‚
335 1501 424 1540 nisi
457 1500 573 1553 quod
606 1501 651 1540 in
675 1500 768 1542 Erl.
804 1503 969 1540 aiunt
1000 1501 1359 1554 suprascriptum
1389 1513 1526 1554 supra
1559 1505 1651 1541 aut
1682 1501 1864 1553 legitur.
1898 1502 2085 1542 dicere

187 1558 346 1597 aiunt
377 1558 613 1597 Ennium
646 1557 837 1597 inclusis
860 1558 1026 1597 ceteris
1049 1557 1318 1610 Kayserus.)
1358 1558 1532 1598 Imitati
1555 1564 1658 1597 sunt
1678 1559 1922 1598 Petronius
1943 1572 1984 1611 p.
2007 1560 2087 1599 216

183 1613 234 1656 Β.
264 1613 454 1664 (anthol.
487 1615 587 1653 Lat.
611 1614 630 1652 I
662 1627 703 1653 n.
726 1615 806 1653 476
830 1614 900 1663 R.)
933 1614 979 1653 in
1013 1614 1238 1654 carmine:
1271 1618 1420 1654 ‘nam
1453 1615 1627 1654 eitius
1660 1615 1919 1654 flammas
1954 1628 2087 1655 mor·

184 1669 330 1710 tales
364 1683 454 1710 ore
487 1670 760 1711 tenebunt
794 1672 960 1721 Quam
993 1675 1173 1711 secreta
1203 1673 1399 1723 tegant,’
1433 1675 1479 1711 et
1501 1670 1798 1722 Symmachus
1834 1672 1967 1723 epist.
1992 1673 2013 1713 I
2035 1674 2084 1712 31

185 1730 322 1766 ‘nam
357 1726 598 1766 facilius
631 1730 718 1766 est
743 1726 1005 1767 ardentes
1040 1727 1278 1767 fauillas
1311 1741 1403 1768 ore
1437 1728 1802 1780 comprimere
1837 1741 1995 1779 quam
2017 1728 2086 1768 lu-

183 1782 352 1823 culenti
391 1783 543 1836 operis
581 1795 761 1824 seruare
801 1787 1060 1824 secretum’
1207 1784 1311 1824 LIV
1341 1783 1473 1824 Rhet.
1509 1784 1567 1823 ad
1598 1785 1797 1825 Herenn.
1830 1784 1895 1823 IV
1928 1786 2001 1835 12,
2037 1785 2087 1824 18

185 1843 256 1879 ‘et
287 1840 325 1880 si
355 1839 599 1881 uitabimus
632 1839 834 1881 eiusdem
865 1840 1051 1880 litterae
1083 1841 1268 1880 nimiam
1299 1840 1640 1891 assiduitatem,
1679 1842 1752 1880 cui
1783 1841 1898 1880 uitio
1929 1853 2088 1881 uersus

183 1896 258 1935 hic
289 1897 379 1936 erit
411 1896 773 1951 exemplov(nam
804 1896 879 1937 hic
910 1896 1026 1936 nihil
1057 1897 1269 1950 prohibet
1300 1898 1346 1936 iu
1377 1898 1506 1938 uitiis
1539 1897 1700 1937 alienis
1731 1896 1950 1949 exemplis
1979 1896 2085 1948 uti):
2114 1936 2118 1939 ,

185 1966 208 1992 o
241 1953 370 1992 Tite>
406 1966 442 1993 e.
480 1967 520 2006 q.
554 1966 585 1993 s.
645 1956 719 1993 ‘et
749 1953 824 1993 hic
857 1953 1060 1994 eiusdem
1091 1958 1257 2006 poetae
1289 1985 1297 1993 .
1318 1985 1326 1994 .
1347 1957 1380 1994 .'
1430 1953 1484 1993 In
1519 1954 1682 2002 satira,
1715 1966 1804 1994 non
1835 1954 1882 1993 in
1914 1958 2089 2006 tragoe-

184 2008 259 2048 dia
291 2014 475 2062 poetam
506 2009 622 2049 haec
651 2009 817 2050 lusisse
849 2014 972 2062 puto.
1096 2011 1178 2051 LV
1210 2012 1352 2051 Varro
1386 2010 1439 2050 de
1471 2010 1499 2052 1.
1534 2010 1586 2050 L.
1620 2011 1707 2051 V11
1739 2012 1792 2051 93
1824 2011 1884 2051 M.
1918 2014 2088 2050 ‘euax

181 2066 369 2105 uerbum
401 2065 515 2105 nihil
547 2065 797 2118 significat,
830 2067 908 2107 sed
941 2067 1187 2107 effutitium
1218 2067 1497 2107 naturaliter
1528 2071 1618 2115 est,
1659 2070 1707 2106 ut
1740 2067 1860 2119 apud
1892 2067 2086 2107 Ennium

183 2120 331 2175 [VIII]
367 2123 487 2175 apud
518 2123 735 2162 Ennium:
772 2136 842 2174 eu,
876 2137 975 2164 mea
1008 2126 1068 2176 p.’
1101 2136 1137 2167 e.
1160 2137 1201 2176 q.
1229 2137 1262 2163 s.
1297 2123 1438 2176 ‘apud
1469 2123 1764 2176 Pompilium:
1796 2123 1902 2164 heu’
1927 2137 1963 2164 e.
1988 2136 2027 2176 q,
2053 2137 2087 2164 S.

184 2179 466 2228 (Naeuium
505 2179 602 2220 cod.
635 2178 689 2231 B)
835 2180 938 2220 LVI
970 2180 1154 2221 Seruius
1193 2182 1239 2220 in
1270 2181 1380 2221 Aen.
1411 2180 1475 2220 IX
1515 2182 1596 2221 255
1636 2181 1892 2232 ‘integer
1932 2181 2084 2229 aeui,

184 2236 352 2287 integri
393 2236 519 2286 aeui,
559 2237 587 2277 i.
622 2251 659 2279 e.
694 2235 980 2284 adulescens,
1020 2238 1092 2276 cui
1134 2241 1264 2276 aetas
1304 2237 1486 2288 integra
1527 2240 1751 2289 superest.
1815 2236 1944 2276 Vnde
1977 2237 2084 2276 En-

184 2293 310 2331 nius
343 2292 476 2332 deos
509 2293 637 2332 aeui
667 2293 924 2345 integros
956 2293 1120 2343 dicit,
1156 2294 1319 2345 quibus
1351 2292 1539 2333 multum
1571 2293 1675 2333 aeui
1706 2296 1952 2345 superest.’

185 2348 312 2388 LVII
341 2349 461 2389 Acro
502 2349 545 2387 in
585 2349 694 2388 Hor.
729 2348 874 2389 Carm.
913 2350 982 2390 III
1017 2351 1087 2395 11,
1123 2351 1172 2389 18
1213 2349 1448 2390 ‘muniant
1489 2362 1661 2402 angues
1701 2353 1838 2401 caput
1878 2347 1996 2401 eius]
2039 2353 2088 2389 ut

184 2406 252 2444 ait
293 2405 491 2444 Ennius:
533 2418 680 2457 angue
720 2418 761 2444 u.
800 2409 855 2446 c.’
973 2406 1124 2445 LVIII
1166 2405 1350 2446 Seruius
1388 2406 1434 2445 in
1471 2405 1583 2447 Aen.
1619 2405 1683 2445 IX
1722 2407 1803 2446 '748
1845 2409 2087 2456 ‘uersat‚

185 2460 346 2511 librat,
381 2462 550 2500 iactat:
594 2464 639 2501 et
673 2466 742 2501 est
773 2461 1032 2501 Ennianum
1062 2493 1071 2501 .
1097 2493 1105 2501 .
1133 2465 1169 2501 ,³
1222 2463 1418 2502 Incertis
1447 2461 1578 2502 libris
1609 2461 1684 2513 (fr.
1716 2460 1800 2512 111)
1841 2461 2088 2514 adscripsit

185 2517 437 2566 Vahlenus,
470 2530 555 2556 nec
586 2530 704 2569 nego
738 2517 996 2569 ambiguam
1018 2517 1150 2558 huius
1174 2518 1453 2571 aliorumque
1478 2518 1772 2558 frustulorum
1795 2518 1944 2558 sedem
1969 2531 2083 2559 esse.

300 2574 400 2614 LIX
434 2574 616 2614 Seruius
648 2575 694 2613 in
725 2574 835 2617 Aen.
868 2575 934 2614 III
969 2577 1046 2614 241
1081 2574 1365 2626 ‘foedare,
1400 2579 1653 2615 cruentare.
1704 2575 1881 2615 Ennius
1911 2578 2002 2616 ...⁹

196 2737 464 2796 Windberq.
505 2738 631 2783 Fris.
683 2738 922 2798 quidquam
973 2740 1207 2798 quisquam
1257 2752 1524 2799 quemquam
1574 2752 1752 2798 quemq.
1793 2741 1938 2799 quisq.
1981 2753 2085 2784 eon·

186 2809 331 2852 ueniat
367 2808 483 2852 Par.
534 2810 768 2870 quicquam
819 2810 955 2868 quicq
1004 2823 1173 2869 quemq
1222 2811 1368 2869 quisq.
1417 2809 1655 2854 conueniat
1705 2810 1908 2855 Wz'rzeb.
1959 2808 2085 2869 quid-

186 2892 314 2936 quam
374 2879 608 2938 quisquam
661 2893 926 2939 quemquam
984 2881 1174 2940 quisque
1231 2881 1471 2925 conueniat
1527 2878 1694 2925 Bumb.
1754 2896 1781 2924 a
1845 2879 2085 2939 quidquam

185 2949 417 3007 quisquam
469 2963 691 3009 quemque
740 2951 930 3010 quisquc
979 2952 1215 2996 conueniat
1262 2951 1430 2995 Bamb.
1480 2951 1505 2994 b
1562 2949 1801 3010 quidquam
1852 2951 2086 3009 quisquam

186 3031 452 3078 quemquam
494 3033 671 3078 quemq.
725 3021 822 3080 quis
872 3022 1109 3066 conueniat
1153 3022 1311 3067 Tross.
1365 3019 1605 3080 quidquam
1653 3021 1884 3080 quisquam
1933 3033 2085 3079 quem-

185 3101 314 3147 quam
356 3090 453 3148 quis
494 3091 727 3134 conueniat
775 3091 887 3135 Tur.
941 3091 1180 3150 quidquam
1230 3092 1463 3151 quisquam
1510 3091 1716 3151 cuiquam
1763 3090 1881 3149 quod
1921 3103 2084 3134 conue-

183 3159 273 3202 niat
325 3161 464 3217 uul90
512 3173 717 3218 umquam
768 3160 1005 3219 quidquam
1055 3163 1287 3221 quisquam
1337 3161 1543 3220 cuiquam
1591 3159 1711 3220 quod
1761 3161 1799 3205 ei
1849 3161 2086 3205 conueniat

186 3242 267 3288 eqo
296 3232 419 3275 olim.
519 3229 736 3289 Quiquam
772 3237 927 3287 polest
965 3233 1158 3277 (latinus
1196 3244 1320 3289 esse,
1363 3245 1633 3291 quomquam
1672 3232 1791 3276 idem
1831 3231 1956 3289 quod
1992 3228 2086 3275 um-

184 3313 339 3358 quam,
381 3299 577 3360 quidque
616 3306 685 3346 esc
724 3299 955 3359 quidquid.
1138 3301 1239 3348 402
1291 3303 1377 3346 hau
1414 3302 1532 3347 Par.
1572 3302 1598 3346 b
1647 3301 1735 3344 heu
1787 3302 1936 3346 ceteri
1978 3301 2092 3345 libri

187 3370 301 3413 eheu
331 3373 470 3430 uulgo
580 3384 601 3415 e
642 3386 727 3416 om.
767 3371 880 3416 libri
959 3385 1037 3430 spe
1075 3373 1209 3418 Flor.
1241 3372 1373 3417 Goth.
1401 3372 1519 3417 Par.
1549 3385 1578 3414 a
1616 3384 1747 3429 saepe
1775 3369 1940 3415 Huun.
1983 3384 2089 3430 sepe

184 3440 301 3484 Par.
341 3442 365 3485 b
404 3441 498 3499 spei
543 3442 592 3486 0.
622 3441 886 3486 Muellerus
1003 3441 1046 3484 id
1087 3442 1264 3501 quidem
1293 3441 1374 3487 CF
1385 3442 1446 3486 W
1466 3441 1670 3486 Mueller
1706 3442 1895 3496 prosml.
1925 3441 2085 3486 Plaul.

186 3508 284 3553 329
303 3545 314 3566 ‚
349 3523 624 3568 perperam.
753 3512 967 3555 suecessit
1000 3511 1049 3555 O.
1079 3512 1344 3557 Muellerus
1369 3511 1593 3555 succensit
1621 3511 1754 3555 Goth.
1785 3509 1948 3556 Haun.
1987 3525 2084 3556 suc-

185 3586 337 3623 censet
376 3581 510 3625 Flor.
552 3582 668 3626 Par.
712 3597 739 3625 u
781 3594 1018 3625 succenses
1057 3582 1173 3626 Par.
1215 3584 1239 3625 l)
