2299 3803
948 229 1000 269 L.
1032 228 1250 269 A'rT1vs
1967 224 2066 277 281

1019 358 1097 411 1v
1140 355 1221 428 (2)

246 455 280 507 5
320 454 434 516 Qua
475 452 563 506 uix
606 456 893 525 caprigcno
936 455 1117 526 generi
1160 453 1377 524 gradilis
1419 453 1620 522 gressio
1663 457 1754 505 cst.

875 636 948 702 L.
1024 631 1372 702 ATTIVS

691 775 1099 829 AENEADAE
1143 777 1252 828 siue
1293 773 1557 828 DEolvs

1026 902 1051 954 I
1126 903 1191 954 10

320 997 411 1050 Nil
451 998 622 1066 ne‘que
662 999 843 1067 pericli
884 1001 1054 1068 neque
1095 901 1311 1051 {unium
1352 1000 1452 1066 est,
1493 998 1633 1066 quod
1676 998 1852 1049 sciam.

1039 1116 1094 1168 ΙΙ
1136 1114 1218 1187 (4)

322 1219 565 1272 Cla-more
607 1223 659 1273 et
699 1221 900 1289 gemitu
941 1221 1199 1289 templum
1238 1220 1441 1273 resonit
1481 1220 1742 1272 caelitum.

1022 1339 1104 1391 III
1145 1337 1227 1409 (3)

324 1443 447 1495 Vim
489 1443 747 1495 Gallicam
788 1444 958 1495 obduc
1001 1444 1188 1494 contra
1227 1443 1283 1494 in
1324 1442 1434 1493 acie
1476 1443 1783 1494 exercitum:

323 1538 432 1591 Lue
473 1540 706 1608 patrium
745 1540 928 1592 hostili
966 1539 1146 1591 fiisum
1188 1556 1430 1608 sanguen
1471 1539 1748 1608 sanguine.

174 1702 390 1754 ninguit.'
479 1703 540 1742 IV
571 1702 835 1743 Priscianus
865 1704 930 1743 VI
953 1716 992 1754 p.
1016 1704 1097 1743 677
1120 1704 1168 1743 Ρ.
1205 1702 1311 1743 ‘sed
1342 1701 1650 1754 antiquissimi
1687 1700 1759 1739 hic
1791 1699 2081 1750 alienigenus

178 1764 224 1799 et
254 1759 367 1799 haec
398 1758 656 1811 alienigena
695 1763 741 1799 et
780 1758 865 1799 hoc
905 1759 1215 1811 alienigenum
1247 1759 1465 1799 dicebant
1590 1770 1675 1797 nec
1708 1770 1797 1795 non
1840 1759 1994 1795 cetera
2026 1755 2082 1793 si-

178 1815 347 1855 militer
379 1828 404 1854 a
438 1827 605 1866 genere
639 1815 890 1867 composita
921 1816 1236 1868 proferebant,
1270 1815 1638 1867 caprigenus,
1673 1813 1946 1864 terrigenus,
1980 1814 2083 1850 tau-

176 1872 384 1924 rigenus‚
421 1871 557 1922 idque
590 1884 700 1911 usus
732 1871 1005 1914 confi1·mat.'
1046 1872 1306 1912 Macrobius
1338 1871 1399 1910 VI
1429 1873 1471 1917 5,
1509 1873 1557 1910 14
1591 1869 2081 1921 ‘caprigenumque

178 1940 317 1981 pecus
348 1927 472 1967 nullo
504 1927 693 1969 custode
726 1941 805 1980 per
837 1928 1016 1971 herbas.
1078 1929 1306 1968 Pacuuius
1340 1929 1384 1967 in
1416 1927 1585 1967 Paulo:
1628 1926 1859 1979 quamuis’
1893 1938 1935 1964 e.
1969 1937 2008 1975 q.
2044 1936 2079 1962 S.

179 2015 239 2064 (P
260 1992 421 2054 30111ζί
436 2026 494 2052 us
525 2014 628 2056 Vat.
660 2013 943 2053 Pacubius
975 2013 1131 2053 Bamb.
1177 2013 1355 2053 Amicn.
1391 2012 1529 2064 Sang.
1562 2012 1695 2051 Bern.
1729 2011 1856 2051 Grut.
1889 2007 2079 2048 Carolir.

178 2099 495 2148 Paccubius
516 2097 653 2137 Halb.
686 2097 914 2138 Prisciani
948 2077 1230 2149 pa⁰h11bius
1260 2097 1484 2153 Macrobii
1511 2097 1615 2135 Par.
1705 2091 1909 2145 Paulo]
1944 2105 2082 2145 paco

179 2156 342 2196 ultima
371 2154 528 2194 littera
560 2154 682 2194 inter
713 2168 738 2194 o
771 2158 817 2194 et
847 2168 874 2194 v
906 2154 1158 2194 fluctuante
1191 2155 1246 2196 fr.
1279 2154 1452 2193 Amien.
1486 2150 1732 2203 Prisciani)

292 2226 408 2265 ΑΤΤι
442 2225 699 2264 AENEADAE
735 2238 768 2264 s.
801 2226 981 2265 Dssfflvs
1061 2226 1079 2264 1
1113 2225 1227 2264 Non.
1261 2225 1365 2272 484,
1398 2226 1423 2263 4
1457 2222 1713 2262 ‘tumulti
1750 2235 1830 2274 pro
1863 2219 2084 2260 tumultus

292 2282 458 2321 Accius
489 2282 718 2321 Aeneadis
748 2281 822 2321 uel
856 2281 1000 2321 Decio
1031 2313 1067 2322 ..
1087 2285 1123 2320 .’
1242 2281 1286 2320 II
1316 2280 1431 2320 Non.
1466 2282 1570 2332 504,
1604 2280 1665 2330 29]
1691 2279 1873 2318 ‘sunit
1906 2289 1984 2329 pro
2017 2289 2086 2316 so·

180 2343 274 2381 nat.
326 2338 492 2378 Accius
524 2337 752 2378 Aeneadis
786 2342 864 2377 aut
902 2339 1046 2378 Decio
1084 2369 1092 2376 .
1119 2369 1127 2378 .
1156 2341 1192 2378 .'
1336 2337 1405 2377 111
1436 2336 1551 2376 Non.
1585 2338 1690 2387 224,
1726 2336 1776 2375 10
1816 2332 2084 2385 ‘sanguis

259 2427 268 2435 .
308 2399 468 2435 neutro
509 2425 518 2434 .
547 2426 554 2434 .
582 2425 590 2433 .
629 2394 796 2434 Accius
828 2393 1129 2445 Amfitryone:
1171 2406 1270 2433 cum
1311 2398 1440 2444 patre
1475 2405 1639 2445 paruos
1680 2394 1898 2444 patrum
1941 2389 2080 2429 liosti-

180 2452 288 2493 fice’
322 2465 359 2492 e.
392 2464 433 2503 q.
468 2464 501 2490 s.
565 2451 710 2490 ‘idem
750 2453 794 2491 in
828 2451 1058 2491 Aeneadis
1099 2454 1178 2490 aut
1208 2451 1353 2490 Decio
1385 2481 1393 2490 .
1421 2480 1428 2489 .
1457 2453 1492 2489 .'

182 2655 226 2692 et
265 2647 381 2690 saxis
431 2644 665 2705 grandinat
710 2645 821 2688 uiuit
868 2645 1001 2701 libri,
1054 2647 1348 2702 trmzsposuit
1391 2643 1735 2688 Buecheler-us,
1787 2657 1823 2686 S.
1867 2639 2084 2700 plumbeis

184 2716 444 2776 grandinat7
485 2716 599 2758 saxis
638 2729 680 2758 n.
713 2715 985 2773 chpcrlus
1009 2718 1040 2760 l.
1068 2718 1097 2762 l.
1132 2715 1192 2759 15
1231 2729 1267 2758 s,
1298 2713 1479 2773 plumbo
1521 2712 1780 2772 grandinat,
1820 2712 1935 2754 saxis
1975 2711 2086 2754 ninii

183 2788 438 2845 rcpucb'aui
545 2785 659 2828 niuit
694 2801 780 2829 om.
811 2786 979 2829 Bamb.
1090 2786 1119 2831 5
1161 2799 1245 2844 qua
1286 2785 1354 2828 uix
1385 2785 1696 2829 Hei-mannus
1735 2796 1818 2840 qua
1860 2782 1926 2824 uia
1955 2781 2084 2824 Pris-

185 2860 315 2903 ciani
350 2856 555 2901 Carolir.
596 2854 741 2913 Sanq.
783 2856 884 2913 quia
926 2856 991 2899 uia
1032 2857 1150 2914 Rea.
1195 2856 1359 2899 Bamb.
1398 2855 1547 2898 Bcrn.
1591 2848 1690 2897 Ναί.
1733 2852 1875 2896 ΙΙαίΙ).
1915 2866 1971 2894 m.
2006 2865 2085 2907 pr.

186 2930 329 2987 Sanq.
358 2927 570 2971 Darnisl.
602 2939 655 2984 c,
695 2926 776 2970 ubi
813 2929 920 2970 uoci
946 2926 1014 2969 uia
1040 2906 1431 2970 linffi'subclucta
1461 2930 1529 2968 est
1569 2937 1652 2982 qua
1683 2929 1754 2966 tua
1782 2922 1927 2967 Halb.
1957 2934 2084 2965 corr.

186 3026 388 3086 quamuis
416 3024 696 3069 Macrobius
805 3025 958 3082 generi
986 3024 1284 3079 Priscianus,
1328 3025 1420 3067 nisi
1448 3023 1574 3081 quod
1598 2997 1764 3080 genere}
1791 3021 1971 3065 Amica.
2013 3032 2084 3077 pe-

184 3097 277 3142 cori
315 3095 591 3140 Macrobius
724 3094 906 3156 gradilis
935 3095 1247 3139 Hermaunus
1286 3091 1514 3153 gradibilis
1540 3092 1787 3137 Prisciani
1810 3091 1923 3136 libri
1955 3101 2086 3148 gran-

185 3167 283 3211 dior
322 3165 560 3210 Macrobii
596 3165 897 3223 exemplaria
1007 3165 1158 3224 gresio
1198 3165 1316 3223 Rea.
1360 3162 1493 3208 Grut.
1605 3176 1689 3221 qua
1729 3162 1798 3206 uia
1839 3161 1910 3204 nix
1947 3158 2086 3217 capri-

186 3250 305 3297 gcno
342 3234 569 3296 gradibilis
599 3237 754 3295 generi
790 3235 965 3295 gressio
993 3241 1061 3279 est
1091 3235 1464 3291 Fleckeiscnus,
1501 3236 1733 3278 incertum
1763 3237 1916 3276 ulrum
1944 3243 2086 3273 unum

189 3309 392 3369 uoluerit
443 3319 546 3350 esse
597 3308 890 3352 trochaicum
939 3308 1264 3362 septenarium
1311 3319 1371 3349 aa
1419 3306 1660 3348 senarium
1696 3305 1951 3360 inleyrum,
2011 3302 2091 3343 cui

189 3390 275 3435 qua
313 3378 384 3420 uia
420 3378 643 3421 clausula
677 3377 958 3434 praecedat.
1072 3425 1074 3428 .

294 3446 490 3491 ATTlVS
569 3447 592 3490 1
635 3447 696 3491 nil
737 3448 925 3492 Vossius
962 3444 1069 3489 nihil
1107 3446 1218 3490 libri
1325 3445 1352 3488 2
1395 3435 1564 3504 gemiti]
1598 3443 1763 3486 Bamb.
1882 3440 1910 3484 3
1950 3440 2087 3484 aciem

190 3517 355 3562 Delrio
496 3515 527 3560 4
566 3516 639 3561 lue
677 3517 867 3576 patrium
911 3515 1237 3560 Buechelerus
1276 3528 1331 3559 ue
1369 3520 1544 3574 patrum
1585 3514 1641 3557 W
1679 3525 1758 3555 uae
1796 3516 1971 3569 patrum
2012 3523 2088 3553 ce-

192 3589 283 3631 teri
317 3586 451 3644 libri,
489 3588 574 3632 secl
602 3602 624 3631 a
654 3590 783 3633 uocis
823 3599 902 3630 uae
930 3591 1212 3643 compuncta
1241 3588 1286 3630 iu
1316 3585 1445 3630 Leia.
1486 3588 1739 3643 reparatum
1770 3580 2089 3631 Nculcirchius
