2299 3803
971 194 1023 236 L.
1057 192 1266 234 ATT1vs
1968 191 2071 244 285

202 324 273 376 35
312 323 518 392 Populo
562 323 1034 375 commutationem
1074 325 1251 375 rerum
1290 320 1564 391 portendit
1603 322 1715 373 fore

311 420 783 488 Pei-propinquam.
868 419 998 471 haec
1055 419 1190 471 bene
1253 421 1575 470 uerruncent
1638 419 1858 486 populo!
1945 437 2069 470 nam

1498 514 1640 582 quod
1680 514 1952 565 dexterum

320 610 473 679 cepit
513 629 726 662 cursum
766 610 831 661 ab
871 609 1025 662 laeua
1063 611 1279 687 signum
1319 611 1664 679 praepotens,
1703 610 2072 678 pulcherrume

316 706 657 776 Aiiguratum
697 710 777 761 est
819 709 931 758 rem
971 706 1271 758 Romanam
1319 707 1586 775 pliblicam
1636 708 1896 758 summam
1945 707 2072 758 sore.

390 964 399 974 .
462 923 552 990 qui
592 925 733 973 recte
775 923 1044 991 consulat,
1084 923 1271 975 conslil
1312 922 1468 973 cluat.

1018 1040 1097 1092 IV
1139 1038 1222 1111 (5)

203 1137 275 1188 40
315 1135 543 1205 Tollius,
585 1136 674 1204 qui
713 1135 1020 1189 lsbertatem
1061 1135 1268 1188 ciuibus
1310 1133 1647 1187 stabih'uerat

884 1298 1357 1394 [CASSIVS]

1099 1443 1150 1495 V

999 1539 1247 1591 Lucretia

313 1635 487 1689 Nocte
528 1634 853 1704 intempesta
891 1636 1133 1688 nostram
1174 1633 1392 1687 deuem't
1432 1635 1661 1688 domum.

280 1784 352 1825 111
382 1784 527 1825 Varro
559 1783 614 1824 de
651 1784 681 1826 l.
706 1785 758 1827 L.
783 1784 822 1822 V
843 1785 897 1824 80
927 1783 987 1826 M.
1023 1783 1247 1823 ‘consul
1279 1783 1562 1833 nominatus,
1598 1783 1674 1834 qui
1712 1783 1972 1824 consuleret
2003 1798 2080 1838 po-

169 1841 323 1894 pulum
347 1845 393 1880 et
414 1846 640 1891 senatum,
674 1841 762 1880 nisi
793 1840 921 1880 illinc
944 1841 1097 1892 potius
1119 1839 1240 1880 unde
1262 1839 1431 1880 Accius
1463 1840 1529 1878 ait
1551 1841 1597 1878 in
1623 1839 1784 1879 Bruto:
1819 1841 1893 1892 qui
1925 1846 2078 1881 recte’

171 1911 207 1937 e.
241 1910 282 1950 q.
314 1911 348 1939 s.
401 1896 633 1947 (Accius
677 1896 810 1936 Goth.
845 1897 1071 1936 taccius
1109 1897 1138 1938 i.
1173 1909 1208 1936 e.
1242 1896 1292 1935 L.
1325 1896 1553 1944 Accius,
1587 1899 1637 1935 ut
1668 1908 1780 1935 corr.
1816 1897 1867 1938 Ο.
1894 1897 2081 1937 Muelle-

169 1967 244 1993 rus
276 1954 396 1994 Flor.
437 1957 556 1993 teste
588 1952 892 1993 Wilmannsio
924 1953 1026 1993 Par.
1055 1953 1141 1993 abc
1180 1953 1360 1992 tatius
1392 1952 1563 2003 Haun.)
1695 1953 1756 1992 IV
1797 1952 1961 1994 Cicero
2000 1968 2079 2007 pro

79 2039 89 2055 ,
169 2010 319 2050 Sestio
350 2011 425 2059 58,
459 2011 538 2050 123
579 2010 871 2049 ‘nominatim
910 2021 1006 2049 sum
1046 2008 1308 2062 appellatus
1351 2010 1398 2048 in
1429 2009 1592 2049 Bruto:
1633 2008 1838 2049 Tullius’
1886 2023 1923 2051 e.
1965 2022 2004 2061 q.
2044 2025 2077 2051 s.

171 2065 380 2106 ‘miliens
411 2070 675 2105 reuocatum
711 2069 818 2105 est.'
861 2065 1012 2105 Schol.
1035 2065 1147 2106 Bob.
1173 2064 1231 2104 ad
1254 2065 1283 2107 l.
1308 2065 1336 2105 l.
1371 2065 1514 2105 ‘haec
1546 2065 1710 2105 etiam’
1746 2066 1906 2116 (Acci
1938 2068 2078 2106 enim

167 2122 397 2169 Halmius>
440 2122 705 2174 ‘tragoedia
745 2126 1043 2174 praetextata
1073 2122 1240 2161 Brutus
1279 2122 1565 2169 inscribitur,
1605 2122 1652 2161 in
1692 2133 1781 2174 qua
1820 2123 2079 2164 nominatus

172 2179 355 2231 quidem
388 2177 564 2219 Tullius
594 2178 796 2228 uidetur,
837 2178 917 2218 sed
959 2191 1047 2218 non
1078 2178 1198 2218 idem
1229 2178 1327 2230 ipse
1361 2177 1550 2229 Cicero,
1592 2183 1811 2230 quantum
1845 2181 2080 2230 pertineat

171 2235 229 2274 ad
260 2234 443 2275 Accium
479 2239 681 2286 poetam:
725 2239 942 2287 quantum
974 2233 1032 2274 ad
1076 2239 1279 2274 actorem
1312 2239 1484 2279 tamen,
1527 2235 1626 2274 sine
1660 2234 1796 2274 dubio
1829 2247 1905 2287 per
1936 2236 2079 2287 quali-

170 2295 312 2330 tatem
344 2291 540 2331 nominis
571 2291 728 2343 utique
762 2290 1040 2344 significatio
1075 2291 1303 2343 passionis
1337 2291 1433 2330 eius
1467 2289 1646 2331 eluxit.'
1782 2291 1819 2329 V
1852 2290 1995 2331 Varro
2027 2292 2080 2331 de

170 2347 199 2388 l.
233 2349 286 2388 L.
319 2347 381 2387 VI
403 2349 426 2387 7
461 2348 609 2386 ‘inter
638 2348 990 2400 uesperuginem
1023 2352 1067 2386 et
1099 2347 1230 2386 iubar
1261 2347 1384 2386 dicta
1416 2360 1518 2386 nox
1549 2347 1917 2399 intempesta,
1950 2353 2000 2387 ut
2033 2349 2079 2387 in

170 2405 313 2444 Bruto
345 2403 537 2443 Cassii
571 2404 712 2455 quod
745 2403 1000 2445 dicebat’
1031 2402 1199 2454 (dicit
1230 2405 1368 2443 Laur.
1394 2405 1461 2454 51,
1485 2407 1531 2444 5:
1565 2402 1718 2443 deficit
1747 2403 1822 2443 hic
1844 2404 1981 2443 Laur.
2008 2407 2076 2455 51,

174 2459 242 2512 10)
284 2459 607 2500 ‘Lunx-etia:
647 2464 808 2500 nocte'
852 2474 888 2500 e.
923 2473 965 2513 q.
999 2472 1033 2500 s.
1094 2460 1269 2500 Ibidem
1302 2459 1387 2500 VI1
1427 2461 1478 2500 72
1519 2463 1665 2499 ‘nunc
1705 2459 1759 2498 de
1794 2461 2079 2512 temporibus

172 2516 336 2556 dicam.
380 2516 508 2566 Quod
541 2520 612 2556 est
645 2516 764 2568 apud
798 2516 1069 2556 Cassium:
1103 2519 1260 2556 nocte'
1294 2529 1332 2555 e.
1357 2529 1396 2568 q.
1421 2530 1454 2556 s.
1499 2520 1612 2555 ‘nox
1643 2518 1922 2568 intempesta
1953 2517 2079 2556 dicta

174 2573 231 2613 ab
263 2577 560 2625 tempestate,
591 2577 846 2625 tempestas
877 2574 933 2613 ab
958 2579 1186 2625 tempore,
1218 2586 1307 2613 nox
1329 2574 1607 2625 intempesta
1630 2585 1716 2625 quo
1738 2577 1941 2625 tempore
1965 2572 2079 2612 nihil

173 2629 359 2681 agitur.’
420 2627 605 2679 (Accii
636 2642 799 2669 nomen
830 2629 1140 2682 reponendum
1173 2632 1327 2669 censet
1355 2628 1579 2682 Scaliger,
1612 2629 1759 2668 minus
1790 2633 1914 2668 recte
1947 2643 2078 2682 prae-

173 2698 337 2724 nomen
376 2684 475 2725 Cai
519 2689 784 2725 statuerunt
824 2686 1047 2726 Canterus
1090 2687 1206 2727 Nou.
1247 2686 1374 2726 Lect.
1415 2686 1453 2725 V
1492 2687 1546 2725 26
1592 2690 1638 2725 et
1682 2686 1925 2725 Turnebus
1964 2685 2077 2725 Adu.

115 2784 122 2789 ,
175 2740 330 2782 xxm
362 2740 451 2792 26).

175 2915 343 2960 Heius.
456 2912 498 2958 id
538 2929 624 2959 om.
664 2913 769 2959 Erl.
886 2921 1118 2959 ostensum
1159 2914 1263 2960 Erl.
1306 2915 1389 2960 alii
1425 2915 1560 2960 codd.
1600 2915 1732 2972 apud
1767 2915 1970 2960 Alctnum

177 2984 242 3031 35
282 2985 627 3029 comutationem
668 2985 772 3030 Erl.
931 2985 995 3031 36
1036 2986 1412 3044 pel-propinquam
1458 2985 1707 3030 Turnebus
1744 2987 2075 3046 perpropinqua

176 3056 338 3100 Leidd.
367 3056 464 3100 AB
505 3056 695 3101 Vindob.
734 3057 984 3116 propinqua
1025 3055 1191 3100 Heius.
1227 3056 1327 3100 Erl.
1437 3063 1683 3101 ueruncent
1719 3057 1853 3113 libri,
1893 3058 2076 3115 pridem

178 3140 306 3172 corr.
426 3125 656 3170 dexterum
696 3126 913 3183 Vossius,
955 3127 1265 3171 Her-mannus
1302 3126 1354 3170 ad
1393 3126 1618 3173 dexteram
1657 3127 1788 3183 libri,
1830 3130 1922 3172 nisi
1955 3129 2081 3185 quod

179 3195 455 3241 adexterram
494 3197 624 3241 Leid.
651 3196 699 3240 'B
734 3211 791 3242 m.
828 3211 906 3254 pr.
957 3197 1009 3241 ad
1048 3196 1275 3241 dexterem
1316 3197 1420 3242 Erl.
1597 3197 1660 3243 37
1701 3199 1842 3256 caepit
1879 3197 2006 3241 Leid.
2039 3199 2077 3240 Α

180 3268 329 3327 coepit
353 3266 482 3311 Leid.
512 3266 557 3309 B
671 3267 789 3326 cepit
896 3281 994 3311 sum
1034 3280 1138 3312 cum
1175 3269 1356 3313 lacuna
1394 3271 1441 3312 in
1482 3281 1597 3313 raso
1634 3271 1765 3324 loco,
1804 3269 1884 3312 ubi
1919 3269 2076 3312 altera

180 3351 238 3383 m.
274 3340 660 3395 suprascriplum
699 3350 776 3394 ca,
813 3338 863 3382 in
901 3340 1114 3396 maryine
1153 3335 1232 3382 cur
1284 3338 1414 3383 Vinci.
1522 3338 1573 3382 ad
1613 3338 1710 3382 leun
1750 3338 1914 3382 Heius.

184 3406 248 3451 39
275 3407 434 3452 consul
460 3407 579 3452 cluat
604 3408 876 3453 Palmerius
901 3408 1124 3467 spicileg).
1153 3422 1233 3466 ap.
1264 3409 1397 3453 Grut.
1423 3408 1452 3453 Ι
1469 3409 1503 3453 V
1529 3408 1627 3453 712
1667 3407 1913 3451 consulciat
1941 3408 2073 3453 Flor.

186 3477 320 3522 Goth.
359 3479 523 3522 Haun.
562 3477 788 3523 consulcia
826 3478 942 3522 Par.
981 3494 1009 3522 a
1049 3478 1206 3523 consul
1244 3479 1327 3522 ciat
1365 3479 1482 3523 Par.
1520 3479 1546 3523 b
1583 3476 1740 3522 consul
1779 3475 1854 3520 fiat
1892 3477 2009 3522 Par.
2050 3492 2077 3523 c

183 3546 343 3591 consul
367 3546 461 3592 suat
485 3548 774 3608 Auyustinus
798 3548 957 3593 consul
981 3549 1066 3593 siet
1092 3549 1380 3594 Niebuhr-ius
1401 3548 1527 3593 Hist.
1552 3549 1685 3592 Rom.
1702 3547 1728 3591 Ι
1749 3547 1848 3593 578
1876 3549 1946 3592 ecl.
1970 3554 2076 3593 tert.
