<?xml version="1.0" encoding="UTF-8"?>
<!DOCTYPE html PUBLIC "-//W3C//DTD XHTML 1.0 Transitional//EN"
    "http://www.w3.org/TR/xhtml1/DTD/xhtml1-transitional.dtd">
<html xmlns="http://www.w3.org/1999/xhtml" xml:lang="en" lang="en">
 <head>
  <title>
</title>
<meta http-equiv="Content-Type" content="text/html;charset=utf-8" />
  <meta name='ocr-system' content='tesseract 3.04.00' />
  <meta name='ocr-capabilities' content='ocr_page ocr_carea ocr_par ocr_line ocrx_word'/>
</head>
<body>
  <div class='ocr_page' id='page_1' title='image "./scaenicaeromano01ribbuoft_0320.png"; bbox 0 0 2299 3803; ppageno 0'>
   <div class='ocr_carea' id='block_1_1' title="bbox 150 255 1258 306">
    <p class='ocr_par' dir='ltr' id='par_1_1' title="bbox 150 255 1258 306">
     <span class='ocr_line' id='line_1_1' title="bbox 150 255 1258 306; baseline -0.007 0"><span class='ocrx_word' id='word_1_1' title='bbox 150 255 255 306; x_wconf 86' lang='grc'>220</span> <span class='ocrx_word' id='word_1_2' title='bbox 957 260 1005 298; x_wconf 87' lang='lat' dir='ltr'>L.</span> <span class='ocrx_word' id='word_1_3' title='bbox 1042 259 1258 299; x_wconf 75' lang='lat' dir='ltr'>ATTIVS</span> 
     </span>
    </p>
   </div>
   <div class='ocr_carea' id='block_1_2' title="bbox 152 417 1943 1554">
    <p class='ocr_par' dir='ltr' id='par_1_2' title="bbox 299 417 1854 784">
     <span class='ocr_line' id='line_1_2' title="bbox 673 417 1534 471; baseline -0.001 -1"><span class='ocrx_word' id='word_1_4' title='bbox 673 418 772 470; x_wconf 80' lang='lat' dir='ltr'>EX</span> <span class='ocrx_word' id='word_1_5' title='bbox 829 418 1169 471; x_wconf 68' lang='lat' dir='ltr'>INGERTIS</span> <span class='ocrx_word' id='word_1_6' title='bbox 1223 417 1534 470; x_wconf 77' lang='lat' dir='ltr'>FABVLIS</span> 
     </span>
     <span class='ocr_line' id='line_1_3' title="bbox 934 512 1276 584; baseline 0.003 -19"><span class='ocrx_word' id='word_1_7' title='bbox 934 515 957 565; x_wconf 89' lang='grc' dir='ltr'>Ι</span> <span class='ocrx_word' id='word_1_8' title='bbox 1000 512 1140 583; x_wconf 84' lang='lat' dir='ltr'>(Atr.</span> <span class='ocrx_word' id='word_1_9' title='bbox 1186 513 1276 584; x_wconf 78' lang='lat'>16)</span> 
     </span>
     <span class='ocr_line' id='line_1_4' title="bbox 299 616 1854 687; baseline 0.001 -21"><span class='ocrx_word' id='word_1_10' title='bbox 299 616 451 668; x_wconf 68' lang='lat' dir='ltr'>Multi</span> <span class='ocrx_word' id='word_1_11' title='bbox 495 618 662 685; x_wconf 83' lang='lat' dir='ltr'>iniqui</span> <span class='ocrx_word' id='word_1_12' title='bbox 705 621 862 685; x_wconf 76' lang='lat' dir='ltr'>utque</span> <span class='ocrx_word' id='word_1_13' title='bbox 904 616 1147 670; x_wconf 77' lang='lat' dir='ltr'>infideles</span> <span class='ocrx_word' id='word_1_14' title='bbox 1187 620 1383 687; x_wconf 70' lang='lat' dir='ltr'>regno,</span> <span class='ocrx_word' id='word_1_15' title='bbox 1424 617 1578 686; x_wconf 85' lang='lat' dir='ltr'>pauci</span> <span class='ocrx_word' id='word_1_16' title='bbox 1617 617 1854 669; x_wconf 80' lang='lat' dir='ltr'>be&#39;niuoli</span> 
     </span>
     <span class='ocr_line' id='line_1_5' title="bbox 999 712 1214 784; baseline 0 -19"><span class='ocrx_word' id='word_1_17' title='bbox 999 714 1052 765; x_wconf 87' lang='grc'>11</span> <span class='ocrx_word' id='word_1_18' title='bbox 1094 712 1214 784; x_wconf 75' lang='lat'>(15)</span> 
     </span>
    </p>

    <p class='ocr_par' dir='ltr' id='par_1_3' title="bbox 301 810 1775 975">
     <span class='ocr_line' id='line_1_6' title="bbox 1059 810 1637 879; baseline -0.002 -17"><span class='ocrx_word' id='word_1_19' title='bbox 1059 811 1261 879; x_wconf 75' lang='lat' dir='ltr'>fulguri</span> <span class='ocrx_word' id='word_1_20' title='bbox 1301 810 1637 878; x_wconf 72' lang='lat' dir='ltr'>praeferuido</span> 
     </span>
     <span class='ocr_line' id='line_1_7' title="bbox 301 904 1775 975; baseline -0.001 -18"><span class='ocrx_word' id='word_1_21' title='bbox 301 908 493 959; x_wconf 78' lang='lat' dir='ltr'>&#39;Ardor</span> <span class='ocrx_word' id='word_1_22' title='bbox 534 908 760 959; x_wconf 74' lang='lat' dir='ltr'>iniectus</span> <span class='ocrx_word' id='word_1_23' title='bbox 802 907 1025 958; x_wconf 82' lang='lat' dir='ltr'>lunonis</span> <span class='ocrx_word' id='word_1_24' title='bbox 1066 907 1282 959; x_wconf 77' lang='lat' dir='ltr'>dextera</span> <span class='ocrx_word' id='word_1_25' title='bbox 1322 906 1531 975; x_wconf 79' lang='lat' dir='ltr'>ingenti</span> <span class='ocrx_word' id='word_1_26' title='bbox 1573 904 1775 957; x_wconf 77' lang='lat' dir='ltr'>incidit.</span> 
     </span>
    </p>

    <p class='ocr_par' dir='ltr' id='par_1_4' title="bbox 1067 1003 1150 1055">
     <span class='ocr_line' id='line_1_8' title="bbox 1067 1003 1150 1055; baseline -0.012 0"><span class='ocrx_word' id='word_1_27' title='bbox 1067 1003 1150 1055; x_wconf 87' lang='lat' dir='ltr'>III</span> 
     </span>
    </p>

    <p class='ocr_par' dir='ltr' id='par_1_5' title="bbox 152 1099 1752 1169">
     <span class='ocr_line' id='line_1_9' title="bbox 152 1099 1752 1169; baseline 0.003 -23"><span class='ocrx_word' id='word_1_28' title='bbox 152 1099 458 1151; x_wconf 67' lang='lat' dir='ltr'>‹3553¹I‹,›uis</span> <span class='ocrx_word' id='word_1_29' title='bbox 499 1100 812 1151; x_wconf 72' lang='lat' dir='ltr'>Dardanum</span> <span class='ocrx_word' id='word_1_30' title='bbox 853 1100 1163 1169; x_wconf 75' lang='lat' dir='ltr'>progenuit,</span> <span class='ocrx_word' id='word_1_31' title='bbox 1205 1100 1403 1152; x_wconf 84' lang='lat' dir='ltr'>Troum</span> <span class='ocrx_word' id='word_1_32' title='bbox 1442 1099 1752 1166; x_wconf 63' lang='lat' dir='ltr'>Dardanus,</span> 
     </span>
    </p>

    <p class='ocr_par' dir='ltr' id='par_1_6' title="bbox 300 1191 1943 1554">
     <span class='ocr_line' id='line_1_10' title="bbox 303 1191 1943 1265; baseline -0.001 -18"><span class='ocrx_word' id='word_1_33' title='bbox 303 1196 577 1264; x_wconf 76' lang='lat' dir='ltr'>Trousque</span> <span class='ocrx_word' id='word_1_34' title='bbox 617 1195 943 1248; x_wconf 77' lang='lat' dir='ltr'>Assaracum</span> <span class='ocrx_word' id='word_1_35' title='bbox 985 1199 1035 1248; x_wconf 81' lang='lat' dir='ltr'>et</span> <span class='ocrx_word' id='word_1_36' title='bbox 1077 1196 1234 1248; x_wconf 86' lang='lat' dir='ltr'>&#39;Ilum</span> <span class='ocrx_word' id='word_1_37' title='bbox 1274 1199 1326 1247; x_wconf 91' lang='lat' dir='ltr'>et</span> <span class='ocrx_word' id='word_1_38' title='bbox 1367 1194 1690 1247; x_wconf 78' lang='lat' dir='ltr'>Catamitum</span> <span class='ocrx_word' id='word_1_39' title='bbox 1735 1191 1916 1265; x_wconf 84' lang='lat' dir='ltr'>[creat]</span> <span class='ocrx_word' id='word_1_40' title='bbox 1930 1237 1943 1262; x_wconf 86' lang='lat'><em>‚</em></span> 
     </span>
     <span class='ocr_line' id='line_1_11' title="bbox 302 1291 1494 1360; baseline 0 -16"><span class='ocrx_word' id='word_1_41' title='bbox 302 1293 460 1360; x_wconf 69' lang='lat' dir='ltr'>Cupis</span> <span class='ocrx_word' id='word_1_42' title='bbox 502 1294 564 1344; x_wconf 79' lang='lat' dir='ltr'>ex</span> <span class='ocrx_word' id='word_1_43' title='bbox 603 1291 870 1344; x_wconf 78' lang='lat' dir='ltr'>Assaraco</span> <span class='ocrx_word' id='word_1_44' title='bbox 950 1333 1494 1344; x_wconf 92' lang='grc'><strong>.......</strong></span> 
     </span>
     <span class='ocr_line' id='line_1_12' title="bbox 305 1385 1797 1459; baseline 0 -20"><span class='ocrx_word' id='word_1_45' title='bbox 305 1385 615 1457; x_wconf 77' lang='lat' dir='ltr'>[Alumento</span> <span class='ocrx_word' id='word_1_46' title='bbox 658 1407 721 1440; x_wconf 81' lang='lat' dir='ltr'>ex</span> <span class='ocrx_word' id='word_1_47' title='bbox 760 1386 860 1459; x_wconf 86' lang='lat' dir='ltr'>Ilo]</span> <span class='ocrx_word' id='word_1_48' title='bbox 906 1390 1053 1441; x_wconf 69' lang='lat' dir='ltr'>satus</span> <span class='ocrx_word' id='word_1_49' title='bbox 1095 1389 1186 1457; x_wconf 89' lang='lat' dir='ltr'>qui</span> <span class='ocrx_word' id='word_1_50' title='bbox 1227 1388 1415 1440; x_wconf 85' lang='lat' dir='ltr'>statuit</span> <span class='ocrx_word' id='word_1_51' title='bbox 1453 1387 1797 1457; x_wconf 78' lang='lat' dir='ltr'>Pergamum,</span> 
     </span>
     <span class='ocr_line' id='line_1_13' title="bbox 300 1483 1860 1554; baseline 0.001 -19"><span class='ocrx_word' id='word_1_52' title='bbox 300 1483 590 1537; x_wconf 75' lang='lat' dir='ltr'>Alume‘nto</span> <span class='ocrx_word' id='word_1_53' title='bbox 630 1484 925 1554; x_wconf 74' lang='lat' dir='ltr'>Priamum,</span> <span class='ocrx_word' id='word_1_54' title='bbox 968 1484 1126 1554; x_wconf 69' lang='lat' dir='ltr'>Capis</span> <span class='ocrx_word' id='word_1_55' title='bbox 1169 1487 1347 1537; x_wconf 78' lang='lat' dir='ltr'>autem</span> <span class='ocrx_word' id='word_1_56' title='bbox 1387 1483 1641 1536; x_wconf 80' lang='lat' dir='ltr'>Ancisem</span> <span class='ocrx_word' id='word_1_57' title='bbox 1682 1484 1860 1536; x_wconf 79' lang='lat' dir='ltr'>edidit.</span> 
     </span>
    </p>
   </div>
   <div class='ocr_carea' id='block_1_3' title="bbox 147 1631 2064 2534">
    <p class='ocr_par' dir='ltr' id='par_1_7' title="bbox 147 1631 2064 2534">
     <span class='ocr_line' id='line_1_14' title="bbox 263 1631 2061 1686; baseline 0.002 -16"><span class='ocrx_word' id='word_1_58' title='bbox 263 1631 333 1671; x_wconf 76' lang='lat' dir='ltr'>Ex</span> <span class='ocrx_word' id='word_1_59' title='bbox 363 1633 459 1672; x_wconf 72' lang='lat' dir='ltr'>INc.</span> <span class='ocrx_word' id='word_1_60' title='bbox 491 1633 602 1673; x_wconf 72' lang='grc' dir='ltr'><strong>ΕΑΒ.</strong></span> <span class='ocrx_word' id='word_1_61' title='bbox 624 1633 646 1673; x_wconf 99' lang='lat' dir='ltr'>I</span> <span class='ocrx_word' id='word_1_62' title='bbox 670 1633 831 1674; x_wconf 87' lang='lat' dir='ltr'>Cicero</span> <span class='ocrx_word' id='word_1_63' title='bbox 867 1633 920 1674; x_wconf 85' lang='lat' dir='ltr'>de</span> <span class='ocrx_word' id='word_1_64' title='bbox 953 1633 1029 1674; x_wconf 86' lang='lat' dir='ltr'>off.</span> <span class='ocrx_word' id='word_1_65' title='bbox 1051 1633 1119 1674; x_wconf 92' lang='lat' dir='ltr'>III</span> <span class='ocrx_word' id='word_1_66' title='bbox 1140 1635 1208 1683; x_wconf 83' lang='lat'>21,</span> <span class='ocrx_word' id='word_1_67' title='bbox 1232 1634 1287 1673; x_wconf 88' lang='grc'>84</span> <span class='ocrx_word' id='word_1_68' title='bbox 1319 1636 1531 1686; x_wconf 77' lang='lat' dir='ltr'>‘possunt</span> <span class='ocrx_word' id='word_1_69' title='bbox 1562 1633 1681 1673; x_wconf 90' lang='lat' dir='ltr'>enim</span> <span class='ocrx_word' id='word_1_70' title='bbox 1715 1633 1929 1685; x_wconf 85' lang='lat' dir='ltr'>cuiquam</span> <span class='ocrx_word' id='word_1_71' title='bbox 1959 1646 2061 1674; x_wconf 91' lang='lat' dir='ltr'>esse</span> 
     </span>
     <span class='ocr_line' id='line_1_15' title="bbox 150 1688 2062 1741; baseline 0.002 -14"><span class='ocrx_word' id='word_1_72' title='bbox 150 1688 291 1728; x_wconf 87' lang='lat' dir='ltr'>utiles</span> <span class='ocrx_word' id='word_1_73' title='bbox 323 1702 545 1741; x_wconf 79' lang='lat' dir='ltr'>angores,</span> <span class='ocrx_word' id='word_1_74' title='bbox 581 1689 940 1740; x_wconf 82' lang='lat' dir='ltr'>sollicitudines,</span> <span class='ocrx_word' id='word_1_75' title='bbox 975 1690 1124 1729; x_wconf 86' lang='lat' dir='ltr'>diurni</span> <span class='ocrx_word' id='word_1_76' title='bbox 1157 1694 1202 1730; x_wconf 91' lang='lat' dir='ltr'>et</span> <span class='ocrx_word' id='word_1_77' title='bbox 1223 1689 1435 1729; x_wconf 80' lang='lat' dir='ltr'>nocturni</span> <span class='ocrx_word' id='word_1_78' title='bbox 1466 1693 1636 1739; x_wconf 86' lang='lat' dir='ltr'>metus,</span> <span class='ocrx_word' id='word_1_79' title='bbox 1666 1689 1763 1729; x_wconf 90' lang='lat' dir='ltr'>uita</span> <span class='ocrx_word' id='word_1_80' title='bbox 1793 1690 2062 1730; x_wconf 87' lang='lat' dir='ltr'>insidiarum</span> 
     </span>
     <span class='ocr_line' id='line_1_16' title="bbox 147 1744 2062 1799; baseline 0.001 -14"><span class='ocrx_word' id='word_1_81' title='bbox 147 1744 543 1797; x_wconf 84' lang='lat' dir='ltr'>periculorumque</span> <span class='ocrx_word' id='word_1_82' title='bbox 581 1746 876 1799; x_wconf 83' lang='lat' dir='ltr'>plenissima?</span> <span class='ocrx_word' id='word_1_83' title='bbox 941 1747 1131 1787; x_wconf 84' lang='lat' dir='ltr'>Multi’</span> <span class='ocrx_word' id='word_1_84' title='bbox 1174 1759 1212 1786; x_wconf 91' lang='lat' dir='ltr'>e.</span> <span class='ocrx_word' id='word_1_85' title='bbox 1255 1759 1295 1799; x_wconf 85' lang='lat' dir='ltr'>q.</span> <span class='ocrx_word' id='word_1_86' title='bbox 1330 1759 1365 1786; x_wconf 83' lang='lat' dir='ltr'>s.</span> <span class='ocrx_word' id='word_1_87' title='bbox 1429 1746 1606 1798; x_wconf 78' lang='lat' dir='ltr'>‘inquit</span> <span class='ocrx_word' id='word_1_88' title='bbox 1643 1745 1826 1789; x_wconf 77' lang='lat' dir='ltr'>Accius.</span> <span class='ocrx_word' id='word_1_89' title='bbox 1883 1750 1932 1786; x_wconf 84' lang='lat' dir='ltr'>at</span> <span class='ocrx_word' id='word_1_90' title='bbox 1974 1747 2062 1786; x_wconf 91' lang='lat' dir='ltr'>cui</span> 
     </span>
     <span class='ocr_line' id='line_1_17' title="bbox 152 1802 2061 1855; baseline 0.001 -15"><span class='ocrx_word' id='word_1_91' title='bbox 152 1804 354 1853; x_wconf 78' lang='lat' dir='ltr'>regno?</span> <span class='ocrx_word' id='word_1_92' title='bbox 397 1803 539 1854; x_wconf 82' lang='lat' dir='ltr'>quod</span> <span class='ocrx_word' id='word_1_93' title='bbox 581 1816 607 1842; x_wconf 86' lang='lat' dir='ltr'>a</span> <span class='ocrx_word' id='word_1_94' title='bbox 648 1803 891 1843; x_wconf 81' lang='lat' dir='ltr'>Tantalo</span> <span class='ocrx_word' id='word_1_95' title='bbox 932 1807 985 1843; x_wconf 89' lang='lat' dir='ltr'>et</span> <span class='ocrx_word' id='word_1_96' title='bbox 1023 1802 1239 1855; x_wconf 86' lang='lat' dir='ltr'>Pelope</span> <span class='ocrx_word' id='word_1_97' title='bbox 1278 1802 1560 1855; x_wconf 88' lang='lat' dir='ltr'>proditum</span> <span class='ocrx_word' id='word_1_98' title='bbox 1596 1803 1719 1842; x_wconf 88' lang='lat' dir='ltr'>iure</span> <span class='ocrx_word' id='word_1_99' title='bbox 1767 1803 2061 1844; x_wconf 88' lang='lat' dir='ltr'>obtineba-</span> 
     </span>
     <span class='ocr_line' id='line_1_18' title="bbox 153 1859 2059 1912; baseline 0.003 -16"><span class='ocrx_word' id='word_1_100' title='bbox 153 1861 275 1902; x_wconf 84' lang='lat' dir='ltr'>tur.’</span> <span class='ocrx_word' id='word_1_101' title='bbox 337 1859 465 1898; x_wconf 81' lang='lat' dir='ltr'>Atrei</span> <span class='ocrx_word' id='word_1_102' title='bbox 501 1863 580 1898; x_wconf 87' lang='lat' dir='ltr'>aut</span> <span class='ocrx_word' id='word_1_103' title='bbox 610 1859 932 1912; x_wconf 87' lang='lat' dir='ltr'>Pelopidarum</span> <span class='ocrx_word' id='word_1_104' title='bbox 965 1864 1045 1899; x_wconf 88' lang='lat' dir='ltr'>aut</span> <span class='ocrx_word' id='word_1_105' title='bbox 1085 1859 1283 1899; x_wconf 85' lang='lat' dir='ltr'>conlatis</span> <span class='ocrx_word' id='word_1_106' title='bbox 1325 1872 1380 1898; x_wconf 84' lang='lat' dir='ltr'>ex</span> <span class='ocrx_word' id='word_1_107' title='bbox 1411 1859 1631 1910; x_wconf 88' lang='lat' dir='ltr'>Aeschyli</span> <span class='ocrx_word' id='word_1_108' title='bbox 1661 1859 1816 1911; x_wconf 87' lang='lat' dir='ltr'>Agam.</span> <span class='ocrx_word' id='word_1_109' title='bbox 1849 1861 1930 1900; x_wconf 85' lang='lat'>807</span> <span class='ocrx_word' id='word_1_110' title='bbox 1962 1872 2059 1912; x_wconf 90' lang='lat' dir='ltr'>sqq.</span> 
     </span>
     <span class='ocr_line' id='line_1_19' title="bbox 149 1914 2062 1968; baseline 0.002 -15"><span class='ocrx_word' id='word_1_111' title='bbox 149 1914 484 1955; x_wconf 83' lang='lat' dir='ltr'>Clutemestrae</span> <span class='ocrx_word' id='word_1_112' title='bbox 525 1916 732 1968; x_wconf 88' lang='lat' dir='ltr'>reliquiis</span> <span class='ocrx_word' id='word_1_113' title='bbox 775 1916 989 1956; x_wconf 84' lang='lat' dir='ltr'>addenda</span> <span class='ocrx_word' id='word_1_114' title='bbox 1033 1923 1151 1956; x_wconf 85' lang='lat' dir='ltr'>sunt.</span> <span class='ocrx_word' id='word_1_115' title='bbox 1314 1916 1360 1955; x_wconf 88' lang='grc' dir='ltr'>ΙΙ</span> <span class='ocrx_word' id='word_1_116' title='bbox 1393 1915 1580 1956; x_wconf 85' lang='lat' dir='ltr'>Seruius</span> <span class='ocrx_word' id='word_1_117' title='bbox 1620 1916 1668 1955; x_wconf 89' lang='lat' dir='ltr'>in</span> <span class='ocrx_word' id='word_1_118' title='bbox 1698 1915 1808 1956; x_wconf 89' lang='lat' dir='ltr'>Aen.</span> <span class='ocrx_word' id='word_1_119' title='bbox 1841 1917 1863 1956; x_wconf 92' lang='lat' dir='ltr'>I</span> <span class='ocrx_word' id='word_1_120' title='bbox 1892 1918 1946 1956; x_wconf 85' lang='lat'>42</span> <span class='ocrx_word' id='word_1_121' title='bbox 1979 1915 2062 1956; x_wconf 76' lang='lat' dir='ltr'>‘de</span> 
     </span>
     <span class='ocr_line' id='line_1_20' title="bbox 147 1971 1963 2025; baseline 0.002 -15"><span class='ocrx_word' id='word_1_122' title='bbox 147 1971 335 2011; x_wconf 87' lang='lat' dir='ltr'>Iunonis</span> <span class='ocrx_word' id='word_1_123' title='bbox 368 1971 558 2013; x_wconf 87' lang='lat' dir='ltr'>fulmine</span> <span class='ocrx_word' id='word_1_124' title='bbox 593 1973 759 2012; x_wconf 89' lang='lat' dir='ltr'>Accius</span> <span class='ocrx_word' id='word_1_125' title='bbox 791 1974 857 2012; x_wconf 87' lang='lat' dir='ltr'>ait</span> <span class='ocrx_word' id='word_1_126' title='bbox 884 2004 893 2013; x_wconf 87' lang='lat'><strong>.</strong></span> <span class='ocrx_word' id='word_1_127' title='bbox 914 2004 921 2012; x_wconf 95' lang='lat'>.</span> <span class='ocrx_word' id='word_1_128' title='bbox 943 1976 978 2014; x_wconf 78' lang='lat'>‚⁹</span> <span class='ocrx_word' id='word_1_129' title='bbox 1012 1973 1130 2012; x_wconf 87' lang='lat' dir='ltr'>Attii</span> <span class='ocrx_word' id='word_1_130' title='bbox 1162 1971 1497 2013; x_wconf 86' lang='lat' dir='ltr'>Clutemestrae</span> <span class='ocrx_word' id='word_1_131' title='bbox 1528 1972 1692 2013; x_wconf 76' lang='lat' dir='ltr'>tribuit</span> <span class='ocrx_word' id='word_1_132' title='bbox 1720 1972 1963 2025; x_wconf 85' lang='lat' dir='ltr'>Bergkius.</span> 
     </span>
     <span class='ocr_line' id='line_1_21' title="bbox 149 2027 2062 2082; baseline 0.002 -16"><span class='ocrx_word' id='word_1_133' title='bbox 149 2027 219 2067; x_wconf 96' lang='lat' dir='ltr'>III</span> <span class='ocrx_word' id='word_1_134' title='bbox 251 2027 400 2068; x_wconf 83' lang='lat' dir='ltr'>Schol.</span> <span class='ocrx_word' id='word_1_135' title='bbox 437 2029 692 2069; x_wconf 82' lang='lat' dir='ltr'>Bemensia</span> <span class='ocrx_word' id='word_1_136' title='bbox 726 2028 782 2068; x_wconf 88' lang='lat' dir='ltr'>ad</span> <span class='ocrx_word' id='word_1_137' title='bbox 803 2031 939 2082; x_wconf 86' lang='lat' dir='ltr'>Verg.</span> <span class='ocrx_word' id='word_1_138' title='bbox 965 2043 1034 2082; x_wconf 85' lang='lat' dir='ltr'>ge.</span> <span class='ocrx_word' id='word_1_139' title='bbox 1058 2029 1079 2068; x_wconf 95' lang='lat' dir='ltr'>I</span> <span class='ocrx_word' id='word_1_140' title='bbox 1102 2031 1184 2069; x_wconf 85' lang='grc'>502</span> <span class='ocrx_word' id='word_1_141' title='bbox 1221 2030 1408 2069; x_wconf 78' lang='lat' dir='ltr'>‘Accius</span> <span class='ocrx_word' id='word_1_142' title='bbox 1441 2029 1598 2069; x_wconf 90' lang='lat' dir='ltr'>docet:</span> <span class='ocrx_word' id='word_1_143' title='bbox 1628 2029 1893 2081; x_wconf 88' lang='lat' dir='ltr'>Iuppiter</span> <span class='ocrx_word' id='word_1_144' title='bbox 1921 2028 2062 2069; x_wconf 87' lang='lat' dir='ltr'>Dar-</span> 
     </span>
     <span class='ocr_line' id='line_1_22' title="bbox 147 2083 2062 2138; baseline 0.002 -16"><span class='ocrx_word' id='word_1_145' title='bbox 147 2083 342 2123; x_wconf 86' lang='lat' dir='ltr'>danum</span> <span class='ocrx_word' id='word_1_146' title='bbox 375 2086 600 2137; x_wconf 88' lang='lat' dir='ltr'>genuit,</span> <span class='ocrx_word' id='word_1_147' title='bbox 641 2086 937 2126; x_wconf 87' lang='lat' dir='ltr'>Dardanus</span> <span class='ocrx_word' id='word_1_148' title='bbox 968 2086 1187 2138; x_wconf 85' lang='lat' dir='ltr'>Troum,</span> <span class='ocrx_word' id='word_1_149' title='bbox 1232 2086 1406 2126; x_wconf 89' lang='lat' dir='ltr'>Trous</span> <span class='ocrx_word' id='word_1_150' title='bbox 1437 2084 1768 2125; x_wconf 87' lang='lat' dir='ltr'>Assaracum</span> <span class='ocrx_word' id='word_1_151' title='bbox 1809 2090 1862 2125; x_wconf 83' lang='lat' dir='ltr'>et</span> <span class='ocrx_word' id='word_1_152' title='bbox 1900 2085 2062 2126; x_wconf 91' lang='lat' dir='ltr'>Ilium</span> 
     </span>
     <span class='ocr_line' id='line_1_23' title="bbox 151 2140 2063 2195; baseline 0.001 -16"><span class='ocrx_word' id='word_1_153' title='bbox 151 2140 672 2194; x_wconf 49' lang='lat' dir='ltr'>Ganymedemquffl</span> <span class='ocrx_word' id='word_1_154' title='bbox 707 2142 879 2195; x_wconf 87' lang='lat' dir='ltr'>Capis</span> <span class='ocrx_word' id='word_1_155' title='bbox 912 2156 975 2182; x_wconf 86' lang='lat' dir='ltr'>ex</span> <span class='ocrx_word' id='word_1_156' title='bbox 1006 2143 1283 2183; x_wconf 86' lang='lat' dir='ltr'>Assaraco</span> <span class='ocrx_word' id='word_1_157' title='bbox 1318 2145 1476 2183; x_wconf 86' lang='lat' dir='ltr'>satus</span> <span class='ocrx_word' id='word_1_158' title='bbox 1506 2143 1599 2194; x_wconf 89' lang='lat' dir='ltr'>qui</span> <span class='ocrx_word' id='word_1_159' title='bbox 1631 2143 1839 2182; x_wconf 88' lang='lat' dir='ltr'>statuit</span> <span class='ocrx_word' id='word_1_160' title='bbox 1860 2142 2063 2194; x_wconf 86' lang='lat' dir='ltr'>Perga-</span> 
     </span>
     <span class='ocr_line' id='line_1_24' title="bbox 148 2198 2064 2247; baseline 0.001 -11"><span class='ocrx_word' id='word_1_161' title='bbox 148 2210 308 2247; x_wconf 83' lang='lat' dir='ltr'>mum,</span> <span class='ocrx_word' id='word_1_162' title='bbox 343 2198 664 2239; x_wconf 85' lang='lat' dir='ltr'>Laomedon</span> <span class='ocrx_word' id='word_1_163' title='bbox 695 2199 969 2239; x_wconf 86' lang='lat' dir='ltr'>Priamum</span> <span class='ocrx_word' id='word_1_164' title='bbox 1002 2203 1056 2239; x_wconf 86' lang='lat' dir='ltr'>et</span> <span class='ocrx_word' id='word_1_165' title='bbox 1086 2199 1388 2239; x_wconf 88' lang='lat' dir='ltr'>Anchisem</span> <span class='ocrx_word' id='word_1_166' title='bbox 1419 2198 1639 2238; x_wconf 69' lang='lat' dir='ltr'>edidit-„⁷</span> <span class='ocrx_word' id='word_1_167' title='bbox 1680 2198 1852 2238; x_wconf 88' lang='lat' dir='ltr'>Eadem</span> <span class='ocrx_word' id='word_1_168' title='bbox 1875 2198 1935 2238; x_wconf 88' lang='lat' dir='ltr'>ad</span> <span class='ocrx_word' id='word_1_169' title='bbox 1964 2211 2064 2239; x_wconf 82' lang='lat' dir='ltr'>uer-</span> 
     </span>
     <span class='ocr_line' id='line_1_25' title="bbox 148 2254 2062 2308; baseline 0.002 -16"><span class='ocrx_word' id='word_1_170' title='bbox 148 2254 253 2293; x_wconf 90' lang='lat' dir='ltr'>bum</span> <span class='ocrx_word' id='word_1_171' title='bbox 287 2254 384 2294; x_wconf 84' lang='lat' dir='ltr'>fere</span> <span class='ocrx_word' id='word_1_172' title='bbox 418 2255 559 2295; x_wconf 89' lang='lat' dir='ltr'>schol.</span> <span class='ocrx_word' id='word_1_173' title='bbox 595 2255 722 2297; x_wconf 86' lang='lat' dir='ltr'>Leid.</span> <span class='ocrx_word' id='word_1_174' title='bbox 759 2255 817 2296; x_wconf 88' lang='lat' dir='ltr'>ad</span> <span class='ocrx_word' id='word_1_175' title='bbox 852 2256 881 2296; x_wconf 89' lang='lat' dir='ltr'>l.</span> <span class='ocrx_word' id='word_1_176' title='bbox 914 2255 943 2295; x_wconf 92' lang='grc'>1.</span> <span class='ocrx_word' id='word_1_177' title='bbox 984 2257 1032 2295; x_wconf 89' lang='lat' dir='ltr'>in</span> <span class='ocrx_word' id='word_1_178' title='bbox 1065 2254 1304 2307; x_wconf 84' lang='lat' dir='ltr'>Suringari</span> <span class='ocrx_word' id='word_1_179' title='bbox 1342 2255 1447 2295; x_wconf 89' lang='lat' dir='ltr'>hist.</span> <span class='ocrx_word' id='word_1_180' title='bbox 1491 2255 1593 2296; x_wconf 84' lang='lat' dir='ltr'>crit.</span> <span class='ocrx_word' id='word_1_181' title='bbox 1636 2254 1775 2296; x_wconf 88' lang='lat' dir='ltr'>schol.</span> <span class='ocrx_word' id='word_1_182' title='bbox 1807 2255 1852 2295; x_wconf 94' lang='lat' dir='ltr'>II</span> <span class='ocrx_word' id='word_1_183' title='bbox 1890 2269 1931 2308; x_wconf 92' lang='lat' dir='ltr'>p.</span> <span class='ocrx_word' id='word_1_184' title='bbox 1965 2257 2062 2303; x_wconf 82' lang='lat'>347,</span> 
     </span>
     <span class='ocr_line' id='line_1_26' title="bbox 148 2311 2062 2365; baseline 0.002 -17"><span class='ocrx_word' id='word_1_185' title='bbox 148 2311 238 2349; x_wconf 90' lang='lat' dir='ltr'>nisi</span> <span class='ocrx_word' id='word_1_186' title='bbox 260 2311 378 2362; x_wconf 89' lang='lat' dir='ltr'>quod</span> <span class='ocrx_word' id='word_1_187' title='bbox 408 2311 484 2351; x_wconf 89' lang='lat' dir='ltr'>hic</span> <span class='ocrx_word' id='word_1_188' title='bbox 515 2312 657 2351; x_wconf 91' lang='lat' dir='ltr'>Ilum</span> <span class='ocrx_word' id='word_1_189' title='bbox 689 2316 734 2352; x_wconf 89' lang='lat' dir='ltr'>et</span> <span class='ocrx_word' id='word_1_190' title='bbox 768 2312 860 2364; x_wconf 91' lang='lat' dir='ltr'>qui</span> <span class='ocrx_word' id='word_1_191' title='bbox 890 2313 1218 2365; x_wconf 83' lang='lat' dir='ltr'>Pergamum</span> <span class='ocrx_word' id='word_1_192' title='bbox 1251 2312 1567 2352; x_wconf 87' lang='lat' dir='ltr'>construxit</span> <span class='ocrx_word' id='word_1_193' title='bbox 1601 2315 1646 2352; x_wconf 88' lang='lat' dir='ltr'>et</span> <span class='ocrx_word' id='word_1_194' title='bbox 1676 2311 1971 2352; x_wconf 88' lang='lat' dir='ltr'>Anchisen</span> <span class='ocrx_word' id='word_1_195' title='bbox 2000 2311 2062 2351; x_wconf 85' lang='lat' dir='ltr'>le-</span> 
     </span>
     <span class='ocr_line' id='line_1_27' title="bbox 154 2367 2061 2420; baseline 0.002 -16"><span class='ocrx_word' id='word_1_196' title='bbox 154 2367 292 2418; x_wconf 87' lang='lat' dir='ltr'>gitur.</span> <span class='ocrx_word' id='word_1_197' title='bbox 334 2369 565 2408; x_wconf 90' lang='lat' dir='ltr'>Incertum</span> <span class='ocrx_word' id='word_1_198' title='bbox 598 2372 668 2409; x_wconf 89' lang='lat' dir='ltr'>est</span> <span class='ocrx_word' id='word_1_199' title='bbox 698 2369 745 2407; x_wconf 89' lang='lat' dir='ltr'>in</span> <span class='ocrx_word' id='word_1_200' title='bbox 767 2369 895 2408; x_wconf 88' lang='lat' dir='ltr'>cuins</span> <span class='ocrx_word' id='word_1_201' title='bbox 919 2382 974 2409; x_wconf 83' lang='lat' dir='ltr'>ex</span> <span class='ocrx_word' id='word_1_202' title='bbox 1005 2368 1159 2408; x_wconf 88' lang='lat' dir='ltr'>multis</span> <span class='ocrx_word' id='word_1_203' title='bbox 1190 2368 1360 2408; x_wconf 90' lang='lat' dir='ltr'>fabulis</span> <span class='ocrx_word' id='word_1_204' title='bbox 1392 2368 1565 2408; x_wconf 82' lang='lat' dir='ltr'>Troicis</span> <span class='ocrx_word' id='word_1_205' title='bbox 1596 2368 1785 2420; x_wconf 85' lang='lat' dir='ltr'>prologo</span> <span class='ocrx_word' id='word_1_206' title='bbox 1815 2367 1930 2408; x_wconf 88' lang='lat' dir='ltr'>haec</span> <span class='ocrx_word' id='word_1_207' title='bbox 1960 2381 2061 2407; x_wconf 88' lang='lat' dir='ltr'>nar-</span> 
     </span>
     <span class='ocr_line' id='line_1_28' title="bbox 149 2424 2061 2477; baseline 0.001 -16"><span class='ocrx_word' id='word_1_208' title='bbox 149 2428 250 2462; x_wconf 87' lang='lat' dir='ltr'>rata</span> <span class='ocrx_word' id='word_1_209' title='bbox 284 2424 466 2465; x_wconf 88' lang='lat' dir='ltr'>fuerint.</span> <span class='ocrx_word' id='word_1_210' title='bbox 509 2424 808 2465; x_wconf 87' lang='lat' dir='ltr'>Didascalica</span> <span class='ocrx_word' id='word_1_211' title='bbox 840 2424 958 2465; x_wconf 87' lang='lat' dir='ltr'>Attii</span> <span class='ocrx_word' id='word_1_212' title='bbox 990 2424 1286 2465; x_wconf 84' lang='lat' dir='ltr'>intellexerat</span> <span class='ocrx_word' id='word_1_213' title='bbox 1305 2424 1541 2477; x_wconf 87' lang='lat' dir='ltr'>Philippus</span> <span class='ocrx_word' id='word_1_214' title='bbox 1563 2425 1819 2477; x_wconf 54' lang='lat' dir='ltr'>XVagnerus</span> <span class='ocrx_word' id='word_1_215' title='bbox 1853 2424 1908 2464; x_wconf 89' lang='lat' dir='ltr'>de</span> <span class='ocrx_word' id='word_1_216' title='bbox 1930 2424 2061 2464; x_wconf 91' lang='lat' dir='ltr'>Iunio</span> 
     </span>
     <span class='ocr_line' id='line_1_29' title="bbox 150 2479 780 2534; baseline 0.006 -16"><span class='ocrx_word' id='word_1_217' title='bbox 150 2479 419 2533; x_wconf 87' lang='lat' dir='ltr'>Philargyro</span> <span class='ocrx_word' id='word_1_218' title='bbox 452 2486 571 2533; x_wconf 85' lang='lat' dir='ltr'>part.</span> <span class='ocrx_word' id='word_1_219' title='bbox 605 2481 650 2522; x_wconf 90' lang='lat' dir='ltr'>II</span> <span class='ocrx_word' id='word_1_220' title='bbox 681 2495 722 2534; x_wconf 90' lang='lat' dir='ltr'>p.</span> <span class='ocrx_word' id='word_1_221' title='bbox 755 2483 780 2522; x_wconf 88' lang='grc'><strong>9</strong></span> 
     </span>
    </p>
   </div>
   <div class='ocr_carea' id='block_1_4' title="bbox 237 2575 503 2580">
    <p class='ocr_par' dir='ltr' id='par_1_8' title="bbox 237 2575 503 2580">
     <span class='ocr_line' id='line_1_30' title="bbox 237 2575 503 2580; baseline 0 0"><span class='ocrx_word' id='word_1_222' title='bbox 237 2575 503 2580; x_wconf 95' lang='lat' dir='ltr'> </span> 
     </span>
    </p>
   </div>
   <div class='ocr_carea' id='block_1_5' title="bbox 147 2630 2065 3680">
    <p class='ocr_par' dir='ltr' id='par_1_9' title="bbox 147 2630 2065 3680">
     <span class='ocr_line' id='line_1_31' title="bbox 148 2630 1864 2689; baseline 0.001 -17"><span class='ocrx_word' id='word_1_223' title='bbox 148 2641 360 2674; x_wconf 87' lang='lat' dir='ltr'>sererem</span> <span class='ocrx_word' id='word_1_224' title='bbox 400 2637 448 2674; x_wconf 83' lang='lat' dir='ltr'>tu</span> <span class='ocrx_word' id='word_1_225' title='bbox 488 2636 531 2675; x_wconf 88' lang='lat' dir='ltr'>et</span> <span class='ocrx_word' id='word_1_226' title='bbox 570 2643 739 2689; x_wconf 86' lang='lat' dir='ltr'>occupo</span> <span class='ocrx_word' id='word_1_227' title='bbox 780 2631 926 2676; x_wconf 85' lang='lat' dir='ltr'>uerbo</span> <span class='ocrx_word' id='word_1_228' title='bbox 961 2633 1150 2688; x_wconf 83' lang='lat' dir='ltr'>finirem</span> <span class='ocrx_word' id='word_1_229' title='bbox 1187 2631 1486 2675; x_wconf 74' lang='lat' dir='ltr'>trochaicum</span> <span class='ocrx_word' id='word_1_230' title='bbox 1519 2630 1864 2688; x_wconf 83' lang='lat' dir='ltr'>septenarium.</span> 
     </span>
     <span class='ocr_line' id='line_1_32' title="bbox 151 2698 2065 2760; baseline 0 -15"><span class='ocrx_word' id='word_1_231' title='bbox 151 2698 248 2745; x_wconf 82' lang='lat'>651</span> <span class='ocrx_word' id='word_1_232' title='bbox 289 2699 498 2745; x_wconf 82' lang='lat' dir='ltr'>heneuoli</span> <span class='ocrx_word' id='word_1_233' title='bbox 538 2701 945 2760; x_wconf 71' lang='lat' dir='ltr'>Stuerenburyius</span> <span class='ocrx_word' id='word_1_234' title='bbox 993 2699 1191 2745; x_wconf 86' lang='lat' dir='ltr'>beniuoli</span> <span class='ocrx_word' id='word_1_235' title='bbox 1230 2707 1337 2744; x_wconf 85' lang='lat' dir='ltr'>sunt</span> <span class='ocrx_word' id='word_1_236' title='bbox 1375 2700 1525 2745; x_wconf 86' lang='lat' dir='ltr'>Bern.</span> <span class='ocrx_word' id='word_1_237' title='bbox 1566 2714 1591 2745; x_wconf 83' lang='lat' dir='ltr'>e</span> <span class='ocrx_word' id='word_1_238' title='bbox 1629 2699 1734 2745; x_wconf 90' lang='lat' dir='ltr'>honi</span> <span class='ocrx_word' id='word_1_239' title='bbox 1773 2706 1878 2744; x_wconf 82' lang='lat' dir='ltr'>sunt</span> <span class='ocrx_word' id='word_1_240' title='bbox 1915 2703 2065 2745; x_wconf 82' lang='lat' dir='ltr'>ceteri</span> 
     </span>
     <span class='ocr_line' id='line_1_33' title="bbox 147 2769 2061 2830; baseline 0.001 -16"><span class='ocrx_word' id='word_1_241' title='bbox 147 2771 259 2815; x_wconf 80' lang='lat' dir='ltr'>libri</span> <span class='ocrx_word' id='word_1_242' title='bbox 294 2776 400 2815; x_wconf 79' lang='lat' dir='ltr'>sunt</span> <span class='ocrx_word' id='word_1_243' title='bbox 438 2770 541 2816; x_wconf 77' lang='lat' dir='ltr'>honi</span> <span class='ocrx_word' id='word_1_244' title='bbox 582 2772 836 2816; x_wconf 79' lang='lat' dir='ltr'>Lambinus</span> <span class='ocrx_word' id='word_1_245' title='bbox 978 2771 1078 2815; x_wconf 92' lang='lat' dir='ltr'>Pro</span> <span class='ocrx_word' id='word_1_246' title='bbox 1115 2773 1418 2829; x_wconf 79' lang='lat' dir='ltr'>interpolatis</span> <span class='ocrx_word' id='word_1_247' title='bbox 1454 2772 1597 2817; x_wconf 76' lang='lat' dir='ltr'>babet</span> <span class='ocrx_word' id='word_1_248' title='bbox 1640 2771 1767 2830; x_wconf 86' lang='lat' dir='ltr'>pauci</span> <span class='ocrx_word' id='word_1_249' title='bbox 1803 2769 1907 2816; x_wconf 90' lang='lat' dir='ltr'>boni</span> <span class='ocrx_word' id='word_1_250' title='bbox 1954 2778 2061 2816; x_wconf 79' lang='lat' dir='ltr'>sunt</span> 
     </span>
     <span class='ocr_line' id='line_1_34' title="bbox 163 2840 2060 2902; baseline 0.001 -18"><span class='ocrx_word' id='word_1_251' title='bbox 163 2841 316 2900; x_wconf 69' lang='lat' dir='ltr'>aner</span> <span class='ocrx_word' id='word_1_252' title='bbox 450 2841 548 2887; x_wconf 83' lang='grc'>652</span> <span class='ocrx_word' id='word_1_253' title='bbox 589 2842 758 2902; x_wconf 74' lang='lat' dir='ltr'>fulguri</span> <span class='ocrx_word' id='word_1_254' title='bbox 795 2841 1083 2901; x_wconf 78' lang='lat' dir='ltr'>praeferuido</span> <span class='ocrx_word' id='word_1_255' title='bbox 1124 2845 1303 2899; x_wconf 78' lang='lat' dir='ltr'>scripsi</span> <span class='ocrx_word' id='word_1_256' title='bbox 1338 2841 1622 2901; x_wconf 80' lang='lat' dir='ltr'>praeferuido</span> <span class='ocrx_word' id='word_1_257' title='bbox 1651 2840 1831 2900; x_wconf 85' lang='lat' dir='ltr'>fulgore</span> <span class='ocrx_word' id='word_1_258' title='bbox 1859 2841 2060 2887; x_wconf 87' lang='lat' dir='ltr'>Seruius</span> 
     </span>
     <span class='ocr_line' id='line_1_35' title="bbox 152 2911 2057 2973; baseline 0.002 -19"><span class='ocrx_word' id='word_1_259' title='bbox 152 2911 433 2970; x_wconf 77' lang='lat' dir='ltr'>praeferuido</span> <span class='ocrx_word' id='word_1_260' title='bbox 462 2911 659 2973; x_wconf 77' lang='lat' dir='ltr'>Fulgore</span> <span class='ocrx_word' id='word_1_261' title='bbox 687 2913 929 2973; x_wconf 68' lang='lat' dir='ltr'>Berylcius</span> <span class='ocrx_word' id='word_1_262' title='bbox 956 2912 1096 2958; x_wconf 85' lang='lat' dir='ltr'>Seru.</span> <span class='ocrx_word' id='word_1_263' title='bbox 1128 2912 1260 2958; x_wconf 77' lang='lat' dir='ltr'>Cass.</span> <span class='ocrx_word' id='word_1_264' title='bbox 1287 2919 1420 2971; x_wconf 76' lang='lat' dir='ltr'>part.</span> <span class='ocrx_word' id='word_1_265' title='bbox 1446 2912 1536 2958; x_wconf 90' lang='lat' dir='ltr'>III</span> <span class='ocrx_word' id='word_1_266' title='bbox 1553 2927 1602 2970; x_wconf 87' lang='lat' dir='ltr'>p.</span> <span class='ocrx_word' id='word_1_267' title='bbox 1633 2912 1714 2958; x_wconf 88' lang='lat'>19.</span> <span class='ocrx_word' id='word_1_268' title='bbox 1754 2911 1949 2972; x_wconf 82' lang='lat' dir='ltr'>fulguris</span> <span class='ocrx_word' id='word_1_269' title='bbox 1976 2926 2057 2958; x_wconf 84' lang='lat' dir='ltr'>no-</span> 
     </span>
     <span class='ocr_line' id='line_1_36' title="bbox 152 2981 2060 3043; baseline 0.001 -18"><span class='ocrx_word' id='word_1_270' title='bbox 152 2985 319 3026; x_wconf 84' lang='lat' dir='ltr'>tionem</span> <span class='ocrx_word' id='word_1_271' title='bbox 354 2985 573 3042; x_wconf 67' lang='lat' dir='ltr'>fluyituri</span> <span class='ocrx_word' id='word_1_272' title='bbox 598 2985 929 3030; x_wconf 76' lang='lat' dir='ltr'>Buechelerus</span> <span class='ocrx_word' id='word_1_273' title='bbox 966 2996 1152 3043; x_wconf 78' lang='lat' dir='ltr'>quoque</span> <span class='ocrx_word' id='word_1_274' title='bbox 1178 2984 1316 3040; x_wconf 82' lang='lat' dir='ltr'>uidit,</span> <span class='ocrx_word' id='word_1_275' title='bbox 1358 2986 1441 3042; x_wconf 79' lang='lat' dir='ltr'>qui</span> <span class='ocrx_word' id='word_1_276' title='bbox 1472 2982 1848 3042; x_wconf 83' lang='lat' dir='ltr'>praeferuidoque</span> <span class='ocrx_word' id='word_1_277' title='bbox 1876 2981 2060 3042; x_wconf 87' lang='lat' dir='ltr'>fulgure</span> 
     </span>
     <span class='ocr_line' id='line_1_37' title="bbox 149 3053 2059 3100; baseline 0.001 -4"><span class='ocrx_word' id='word_1_278' title='bbox 149 3055 349 3096; x_wconf 79' lang='lat' dir='ltr'>coniecit</span> <span class='ocrx_word' id='word_1_279' title='bbox 475 3053 573 3099; x_wconf 76' lang='lat'>653</span> <span class='ocrx_word' id='word_1_280' title='bbox 614 3053 794 3099; x_wconf 77' lang='lat' dir='ltr'>dextera</span> <span class='ocrx_word' id='word_1_281' title='bbox 834 3055 1164 3100; x_wconf 77' lang='lat' dir='ltr'>Buechelerus</span> <span class='ocrx_word' id='word_1_282' title='bbox 1203 3053 1358 3099; x_wconf 83' lang='lat' dir='ltr'>dextra</span> <span class='ocrx_word' id='word_1_283' title='bbox 1393 3055 1505 3099; x_wconf 86' lang='lat' dir='ltr'>libri</span> <span class='ocrx_word' id='word_1_284' title='bbox 1541 3067 1564 3098; x_wconf 93' lang='lat' dir='ltr'>e</span> <span class='ocrx_word' id='word_1_285' title='bbox 1603 3053 1757 3098; x_wconf 76' lang='lat' dir='ltr'>dextra</span> <span class='ocrx_word' id='word_1_286' title='bbox 1794 3053 2059 3099; x_wconf 81' lang='lat' dir='ltr'>scribebam</span> 
     </span>
     <span class='ocr_line' id='line_1_38' title="bbox 255 3117 2056 3184; baseline 0.002 -19"><span class='ocrx_word' id='word_1_287' title='bbox 255 3121 386 3167; x_wconf 81' lang='lat' dir='ltr'>ardor</span> <span class='ocrx_word' id='word_1_288' title='bbox 425 3123 604 3168; x_wconf 88' lang='lat' dir='ltr'>lunonis</span> <span class='ocrx_word' id='word_1_289' title='bbox 633 3124 785 3169; x_wconf 78' lang='lat' dir='ltr'>(lextra</span> <span class='ocrx_word' id='word_1_290' title='bbox 820 3126 1008 3170; x_wconf 84' lang='lat' dir='ltr'>iniectus</span> <span class='ocrx_word' id='word_1_291' title='bbox 1047 3125 1221 3184; x_wconf 82' lang='lat' dir='ltr'>ingenti</span> <span class='ocrx_word' id='word_1_292' title='bbox 1249 3124 1492 3184; x_wconf 70' lang='lat' dir='ltr'>Berylcius</span> <span class='ocrx_word' id='word_1_293' title='bbox 1616 3122 1715 3170; x_wconf 82' lang='lat'>653</span> <span class='ocrx_word' id='word_1_294' title='bbox 1733 3117 1748 3148; x_wconf 88' lang='lat'><strong>¹</strong></span> <span class='ocrx_word' id='word_1_295' title='bbox 1777 3137 1879 3183; x_wconf 79' lang='lat' dir='ltr'>sqq.</span> <span class='ocrx_word' id='word_1_296' title='bbox 1907 3123 2056 3169; x_wconf 84' lang='lat' dir='ltr'>Sena-</span> 
     </span>
     <span class='ocr_line' id='line_1_39' title="bbox 151 3194 2059 3254; baseline 0.002 -18"><span class='ocrx_word' id='word_1_297' title='bbox 151 3195 331 3238; x_wconf 86' lang='lat' dir='ltr'>riorum</span> <span class='ocrx_word' id='word_1_298' title='bbox 367 3195 572 3250; x_wconf 83' lang='lat' dir='ltr'>speeiem</span> <span class='ocrx_word' id='word_1_299' title='bbox 609 3208 730 3253; x_wconf 77' lang='lat' dir='ltr'>quae</span> <span class='ocrx_word' id='word_1_300' title='bbox 766 3197 927 3240; x_wconf 84' lang='lat' dir='ltr'>uerbis</span> <span class='ocrx_word' id='word_1_301' title='bbox 962 3194 1086 3254; x_wconf 72' lang='lat' dir='ltr'>Cepis</span> <span class='ocrx_word' id='word_1_302' title='bbox 1135 3231 1144 3240; x_wconf 95' lang='lat'><strong>.</strong></span> <span class='ocrx_word' id='word_1_303' title='bbox 1180 3231 1189 3240; x_wconf 87' lang='lat'><strong>.</strong></span> <span class='ocrx_word' id='word_1_304' title='bbox 1223 3230 1232 3239; x_wconf 96' lang='lat'>.</span> <span class='ocrx_word' id='word_1_305' title='bbox 1282 3195 1548 3254; x_wconf 81' lang='lat' dir='ltr'>Pergamum</span> <span class='ocrx_word' id='word_1_306' title='bbox 1589 3195 1844 3240; x_wconf 74' lang='lat' dir='ltr'>exhibetur</span> <span class='ocrx_word' id='word_1_307' title='bbox 1872 3197 2059 3252; x_wconf 88' lang='lat' dir='ltr'>primus</span> 
     </span>
     <span class='ocr_line' id='line_1_40' title="bbox 150 3263 2054 3324; baseline 0.002 -17"><span class='ocrx_word' id='word_1_308' title='bbox 150 3266 343 3322; x_wconf 68' lang='lat' dir='ltr'>aqnouit</span> <span class='ocrx_word' id='word_1_309' title='bbox 383 3264 445 3308; x_wconf 88' lang='lat' dir='ltr'>H.</span> <span class='ocrx_word' id='word_1_310' title='bbox 476 3265 674 3324; x_wconf 62' lang='grc' dir='ltr'><em>Ηαρεη,</em></span> <span class='ocrx_word' id='word_1_311' title='bbox 719 3269 801 3323; x_wconf 79' lang='lat' dir='ltr'>qui</span> <span class='ocrx_word' id='word_1_312' title='bbox 837 3269 884 3311; x_wconf 91' lang='lat' dir='ltr'>in</span> <span class='ocrx_word' id='word_1_313' title='bbox 911 3267 1200 3311; x_wconf 79' lang='lat' dir='ltr'>scholiorum</span> <span class='ocrx_word' id='word_1_314' title='bbox 1239 3266 1388 3310; x_wconf 88' lang='lat' dir='ltr'>Bern.</span> <span class='ocrx_word' id='word_1_315' title='bbox 1420 3267 1620 3311; x_wconf 80' lang='lat' dir='ltr'>editione</span> <span class='ocrx_word' id='word_1_316' title='bbox 1646 3263 1846 3323; x_wconf 77' lang='lat' dir='ltr'>(annali.</span> <span class='ocrx_word' id='word_1_317' title='bbox 1869 3265 2054 3321; x_wconf 78' lang='lat' dir='ltr'>plu&#39;loll.</span> 
     </span>
     <span class='ocr_line' id='line_1_41' title="bbox 152 3333 2058 3394; baseline 0.002 -17"><span class='ocrx_word' id='word_1_318' title='bbox 152 3336 309 3390; x_wconf 81' lang='lat' dir='ltr'>suppl.</span> <span class='ocrx_word' id='word_1_319' title='bbox 337 3333 365 3378; x_wconf 94' lang='lat' dir='ltr'><em>I</em></span> <span class='ocrx_word' id='word_1_320' title='bbox 381 3335 417 3378; x_wconf 90' lang='lat' dir='ltr'><em>V</em></span> <span class='ocrx_word' id='word_1_321' title='bbox 435 3349 485 3392; x_wconf 87' lang='lat' dir='ltr'>p.</span> <span class='ocrx_word' id='word_1_322' title='bbox 517 3334 634 3391; x_wconf 80' lang='grc'>721)</span> <span class='ocrx_word' id='word_1_323' title='bbox 663 3350 690 3379; x_wconf 81' lang='lat' dir='ltr'>u</span> <span class='ocrx_word' id='word_1_324' title='bbox 718 3349 790 3380; x_wconf 85' lang='lat' dir='ltr'>me</span> <span class='ocrx_word' id='word_1_325' title='bbox 817 3338 1011 3394; x_wconf 76' lang='lat' dir='ltr'>relictos</span> <span class='ocrx_word' id='word_1_326' title='bbox 1038 3348 1212 3381; x_wconf 86' lang='lat' dir='ltr'>uersus</span> <span class='ocrx_word' id='word_1_327' title='bbox 1243 3338 1510 3393; x_wconf 79' lang='lat' dir='ltr'>proposuit.</span> <span class='ocrx_word' id='word_1_328' title='bbox 1553 3335 1660 3380; x_wconf 90' lang='lat' dir='ltr'>Non</span> <span class='ocrx_word' id='word_1_329' title='bbox 1687 3333 1984 3393; x_wconf 83' lang='lat' dir='ltr'>Ganymedem</span> <span class='ocrx_word' id='word_1_330' title='bbox 2013 3340 2058 3380; x_wconf 86' lang='lat' dir='ltr'>et</span> 
     </span>
     <span class='ocr_line' id='line_1_42' title="bbox 151 3403 2056 3462; baseline 0.002 -15"><span class='ocrx_word' id='word_1_331' title='bbox 151 3403 432 3462; x_wconf 76' lang='lat' dir='ltr'>Laomedon,</span> <span class='ocrx_word' id='word_1_332' title='bbox 470 3407 556 3450; x_wconf 82' lang='lat' dir='ltr'>secl</span> <span class='ocrx_word' id='word_1_333' title='bbox 590 3404 853 3450; x_wconf 74' lang='lat' dir='ltr'>Catamitum</span> <span class='ocrx_word' id='word_1_334' title='bbox 895 3412 938 3450; x_wconf 86' lang='lat' dir='ltr'>et</span> <span class='ocrx_word' id='word_1_335' title='bbox 975 3405 1214 3451; x_wconf 84' lang='lat' dir='ltr'>Alumento</span> <span class='ocrx_word' id='word_1_336' title='bbox 1243 3406 1418 3450; x_wconf 86' lang='lat' dir='ltr'>Attium</span> <span class='ocrx_word' id='word_1_337' title='bbox 1453 3406 1635 3450; x_wconf 76' lang='lat' dir='ltr'>dixisse</span> <span class='ocrx_word' id='word_1_338' title='bbox 1673 3410 1923 3450; x_wconf 76' lang='lat' dir='ltr'>monuerat</span> <span class='ocrx_word' id='word_1_339' title='bbox 1954 3403 2056 3450; x_wconf 85' lang='lat' dir='ltr'>Rit—</span> 
     </span>
     <span class='ocr_line' id='line_1_43' title="bbox 153 3474 2054 3535; baseline 0.001 -17"><span class='ocrx_word' id='word_1_340' title='bbox 153 3475 359 3519; x_wconf 74' lang='lat' dir='ltr'>schelius</span> <span class='ocrx_word' id='word_1_341' title='bbox 394 3489 558 3532; x_wconf 59' lang='lat' dir='ltr'>opuscu</span> <span class='ocrx_word' id='word_1_342' title='bbox 585 3476 640 3522; x_wconf 90' lang='lat' dir='ltr'>II</span> <span class='ocrx_word' id='word_1_343' title='bbox 666 3474 784 3522; x_wconf 83' lang='lat'><strong>495.</strong></span> <span class='ocrx_word' id='word_1_344' title='bbox 827 3476 897 3520; x_wconf 84' lang='lat' dir='ltr'>De</span> <span class='ocrx_word' id='word_1_345' title='bbox 936 3478 1134 3535; x_wconf 69' lang='lat' dir='ltr'>sinyulis</span> <span class='ocrx_word' id='word_1_346' title='bbox 1153 3482 1357 3534; x_wconf 77' lang='lat' dir='ltr'>praeter</span> <span class='ocrx_word' id='word_1_347' title='bbox 1394 3488 1475 3530; x_wconf 83' lang='lat' dir='ltr'>eu,</span> <span class='ocrx_word' id='word_1_348' title='bbox 1515 3488 1639 3534; x_wconf 77' lang='lat' dir='ltr'>quae</span> <span class='ocrx_word' id='word_1_349' title='bbox 1677 3488 1827 3532; x_wconf 78' lang='lat' dir='ltr'>supra</span> <span class='ocrx_word' id='word_1_350' title='bbox 1860 3477 2054 3533; x_wconf 85' lang='lat' dir='ltr'>protuli,</span> 
     </span>
     <span class='ocr_line' id='line_1_44' title="bbox 156 3539 2056 3602; baseline 0.002 -14"><span class='ocrx_word' id='word_1_351' title='bbox 156 3546 374 3589; x_wconf 80' lang='lat' dir='ltr'>testanda</span> <span class='ocrx_word' id='word_1_352' title='bbox 401 3547 523 3590; x_wconf 81' lang='lat' dir='ltr'>haec</span> <span class='ocrx_word' id='word_1_353' title='bbox 550 3552 673 3591; x_wconf 87' lang='lat' dir='ltr'>sunt.</span> <span class='ocrx_word' id='word_1_354' title='bbox 717 3547 972 3592; x_wconf 75' lang='lat' dir='ltr'>Exeiclisse</span> <span class='ocrx_word' id='word_1_355' title='bbox 992 3547 1321 3592; x_wconf 79' lang='lat' dir='ltr'>Laomedontis</span> <span class='ocrx_word' id='word_1_356' title='bbox 1348 3558 1412 3591; x_wconf 74' lang='lat' dir='ltr'>ece</span> <span class='ocrx_word' id='word_1_357' title='bbox 1437 3546 1510 3591; x_wconf 87' lang='lat' dir='ltr'>Ilo</span> <span class='ocrx_word' id='word_1_358' title='bbox 1537 3551 1690 3591; x_wconf 88' lang='lat' dir='ltr'>ortum</span> <span class='ocrx_word' id='word_1_359' title='bbox 1721 3551 1764 3589; x_wconf 87' lang='lat' dir='ltr'>et</span> <span class='ocrx_word' id='word_1_360' title='bbox 1789 3547 1935 3602; x_wconf 82' lang='lat' dir='ltr'>illum,</span> <span class='ocrx_word' id='word_1_361' title='bbox 1962 3539 2056 3591; x_wconf 72' lang='lat' dir='ltr'>non</span> 
     </span>
     <span class='ocr_line' id='line_1_45' title="bbox 157 3613 2054 3680; baseline 0.002 -22"><span class='ocrx_word' id='word_1_362' title='bbox 157 3613 323 3673; x_wconf 77' lang='lat' dir='ltr'>Capyn</span> <span class='ocrx_word' id='word_1_363' title='bbox 364 3617 652 3662; x_wconf 79' lang='lat' dir='ltr'>conditorem</span> <span class='ocrx_word' id='word_1_364' title='bbox 691 3617 916 3676; x_wconf 70' lang='lat' dir='ltr'>Peryumi</span> <span class='ocrx_word' id='word_1_365' title='bbox 951 3617 1201 3662; x_wconf 78' lang='lat' dir='ltr'>dicendum</span> <span class='ocrx_word' id='word_1_366' title='bbox 1242 3614 1399 3675; x_wconf 86' lang='lat' dir='ltr'>fuisse</span> <span class='ocrx_word' id='word_1_367' title='bbox 1431 3618 1686 3674; x_wconf 77' lang='lat' dir='ltr'>perspexit</span> <span class='ocrx_word' id='word_1_368' title='bbox 1722 3616 1979 3675; x_wconf 69' lang='lat' dir='ltr'>Hussenus,</span> <span class='ocrx_word' id='word_1_369' title='bbox 2010 3631 2054 3680; x_wconf 71' lang='lat' dir='ltr'>..a</span> 
     </span>
    </p>
   </div>
  </div>
 </body>
</html>
