2294 3844
940 244 1000 285 M.
1030 241 1327 284 PAGVVIVS
2020 236 2083 288 77

1028 373 1110 426 ΙΙΙ
1151 372 1234 443 (ὅ)

184 473 247 525 1¹>
332 472 474 524 Loca
514 472 731 523 horrida
770 472 948 524 initas,

804 582 884 635 IV
925 580 1018 654 (11
1062 586 1115 634 et
1153 582 1266 634 Liu.
1308 577 1462 651 Ant.)

1015 679 1251 748 Amphio

328 775 640 845 Quadrupes
679 775 990 846 tardigrada
1030 775 1256 845 agrestis
1295 773 1511 826 humilis
1551 772 1761 842 aspera,

330 873 492 926 Breui
533 873 728 943 capite,
768 874 972 926 ceruice
1013 872 1274 942 anguina,
1314 873 1533 940 aspectu
1573 870 1734 938 truci,

330 969 647 1023 Euiscerata
685 971 925 1024 inanima
965 988 1085 1023 eum
1126 966 1351 1022 animali
1387 986 1534 1021 sono.

1052 1081 1225 1134 Astiei

257 1179 290 1232 5
329 1178 418 1231 Ita·
455 1180 741 1248 saeptuosa
780 1177 1014 1232 dictione
1056 1179 1150 1231 abs
1189 1180 1243 1230 te
1284 1177 1463 1245 datur,

331 1276 483 1338 Quod
524 1278 830 1329 coniectura
870 1277 1082 1345 sapiens
1124 1293 1280 1345 aegre
1321 1274 1550 1326 contuit:

329 1372 455 1426 Non
495 1373 881 1444 intelleginmS,
919 1372 1026 1426 11131
1067 1374 1110 1425 31
1151 1375 1333 1442 aperte
1374 1369 1583 1422 dixeris.

1018 1485 1254 1554 Amphio

330 1582 584 1640 Testud02

1048 1670 1099 1724 V
1141 1669 1224 1741 (9)

438 1811 447 1820 .
489 1769 698 1838 perdita
738 1767 941 1821 inluuie
983 1771 1142 1836 atque
1182 1767 1452 1819 insomnia

182 1928 480 1986 Pacuuium],
522 1933 600 1984 qui
631 1933 895 1985 uituperata
925 1932 1102 1972 musica
1133 1931 1408 1984 sapientiam
1440 1929 1634 1970 laudat.⁹
1696 1929 1766 1970 Cf.
1799 1930 1907 1971 Hor.
1942 1930 2092 1982 Epist.

183 1989 205 2028 I
238 1990 310 2038 18,
341 1991 394 2029 39
426 1989 512 2041 (17,
544 1991 596 2029 72
623 1989 693 2039 R.)
719 2001 816 2042 sqq.
937 1989 1006 2030 ΙΙΙ
1028 1988 1273 2029 Diomedes
1296 1988 1315 2028 1
1338 2001 1381 2040 p.
1404 1989 1485 2029 336
1508 1987 1558 2030 P.
1583 1988 1712 2027 ‘ineo
1736 1987 1837 2038 inis,
1872 1990 1916 2026 et
1947 1986 2091 2026 inito

183 2044 396 2096 dicimus,
426 2050 477 2085 ut
498 2045 730 2085 Pacuuius
758 2046 805 2084 111
826 2045 1050 2098 Antiopa:
1081 2045 1110 2088 l.
1135 2045 1176 2088 h.
1200 2045 1250 2084 i.’
1375 2044 1438 2084 IV
1462 2043 1622 2084 Cicero
1652 2043 1707 2083 de
1738 2044 1829 2083 (liu.
1852 2044 1897 2084 II
1919 2044 1987 2083 64.
2014 2045 2092 2083 133

185 2105 308 2140 ‘nam
329 2101 609 2142 Pacuianus’
634 2102 718 2152 (sic
739 2102 868 2143 Leid.
885 2103 923 2141 A
944 2107 988 2141 et
1010 2102 1060 2141 B.
1083 2102 1369 2142 Pacuinus
1390 2100 1524 2144 Vind.
1549 2101 1908 2141 Pacuuianus
1931 2098 2091 2151 uulgo)

183 2158 393 2210 ‘Amphio
422 2156 566 2212 [2—4]
590 2171 689 2197 (311111
713 2158 904 2199 dixisset
926 2159 1177 2207 obscurius,
1203 2162 1296 2198 tum
1321 2157 1498 2197 astiei
1522 2158 1815 2209 respondent:
1842 2153 1907 2210 [7]
1933 2157 1990 2195 At
2013 2155 2092 2194 ille

183 2227 274 2254 uno
296 2215 457 2255 uerbo:
489 2215 752 2255 Testudo.
794 2215 891 2255 Non
922 2218 1106 2268 poteras
1128 2215 1214 2255 hoc
1246 2215 1387 2267 igitur
1419 2227 1445 2253 a
1468 2214 1719 2266 principio,
1756 2213 2092 2261 citharista,

186 2271 397 2311 dicereP’
432 2271 629 2323 (astici
661 2271 865 2312 Orellius
907 2272 1077 2311 artici
1108 2271 1199 2311 Erl.
1234 2271 1415 2311 acciti
1446 2271 1557 2323 Reg.
1592 2270 1704 2310 Gud.
1737 2270 1881 2310 Rehd
1916 2269 2095 2308 attici

182 2327 436 2368 Leidenses
467 2328 613 2376 ABH,
647 2328 866 2379 Vindob„
906 2328 1118 2368 Baiterus
1150 2328 1377 2380 glossema
1417 2338 1516 2367 esse
1556 2328 1829 2379 suspicatur,
1893 2325 2095 2365 rustici

184 2385 332 2425 suasit
361 2384 588 2438 Bergkius
621 2385 889 2425 Bacchici
921 2384 1192 2426 XVelckerus
1225 2385 1279 2424 (lc
1312 2388 1426 2448 trag.
1449 2383 1526 2425 Gr.
1550 2397 1590 2435 p.
1616 2385 1712 2424 815.
1763 2381 1884 2423 11111(1
1916 2380 2092 2421 scholio

185 2441 233 2481 in
261 2441 368 2481 Eur.
393 2442 532 2506 Hipp.
563 2443 616 2482 67
650 2434 711 2489 ὡς
741 2438 823 2482 καὶ
856 2434 907 2482 ἐν
940 2456 994 2495 τῃ
1024 2435 1237 2505 Ἀντιόπῃ
1270 2435 1358 2482 δύο
1390 2434 1559 2505 χοροὺς
1596 2433 1776 2493 εἰσάγει
1808 2431 1891 2479 τόν
1922 2451 1971 2479 τε
2003 2435 2095 2490 Θη-

195 2496 343 2551 βαίων
375 2492 614 2552 γερόντων
645 2491 811 2539 διόλου
843 2496 923 2539 καὶ
955 2486 1038 2539 τὸν
1069 2492 1189 2551 μετὰ
1212 2487 1374 2551 Θήβης
1405 2488 1436 2550 ἢ
1466 2495 1557 2548 (his
1588 2496 1762 2537 duobus
1783 2495 2021 2536 uocabulis
2051 2496 2097 2533 in

191 2555 368 2595 Veneto
399 2554 515 2596 libro
548 2555 746 2607 omissis)
780 2555 958 2609 Δίρκης
987 2578 1042 2583 -
1074 2555 1331 2596 confirmari
1361 2554 1536 2594 monuit
1567 2553 1939 2594 Schneidewinus
1959 2552 2098 2591 Nunt.

191 2610 312 2651 liter.
345 2610 550 2664 Gotting.
585 2613 692 2653 1847
725 2625 766 2664 p.
800 2609 898 2664 145)
930 2611 1247 2652 Tertullianus
1279 2611 1333 2651 de
1366 2610 1508 2663 pallio
1541 2624 1580 2651 c.
1612 2613 1637 2651 3
1668 2623 1709 2662 p.
1743 2612 1799 2650 44
1831 2609 1971 2650 Salm.
2006 2611 2099 2647 ‘ost

187 2671 233 2707 et
265 2664 332 2721 [2]
375 2668 649 2709 testudinem
690 2668 1005 2709 Pacuuianam
1043 2671 1209 2721 putas?
1248 2681 1341 2709 non
1383 2670 1475 2708 est.
1516 2667 1642 2720 capit
1682 2670 1726 2706 et
1769 2666 1861 2706 alia
1897 2663 2096 2705 bestiola

185 2724 476 2767 uersiculum.
481 2727 494 2748 '
554 2725 670 2766 Non.
706 2727 808 2776 170,
844 2726 893 2765 17
935 2729 1258 2778 ‘septuose,
1302 2725 1504 2765 obscure.
1565 2723 1767 2763 Liuius
1805 2723 2004 2774 Antiopa
2036 2722 2093 2768 [5.

185 2778 260 2833 6]’
314 2778 630 2834 (Pacuuius
662 2779 879 2822 Scriuerii
911 2794 1029 2831 mss„
1064 2782 1294 2835 Bergkius
1327 2781 1381 2820 de
1413 2780 1494 2820 rel.
1517 2793 1628 2820 com.
1652 2781 1746 2820 Att.
1779 2793 1823 2845 p.
1849 2780 1943 2827 123,
1977 2777 2095 2817 Wel-

188 2837 414 2878 ekerusl.
445 2837 477 2880 l.
512 2851 553 2891 p.
584 2837 684 2889 812)
892 2839 932 2880 V
964 2837 1199 2879 Charisius
1231 2839 1253 2878 I
1291 2851 1334 2891 p.
1365 2838 1418 2878 78
1448 2837 1501 2880 Ρ.
1543 2838 1846 2878 ‘insomnia
1883 2867 1892 2877 .
1922 2866 1967 2876 ..
2007 2836 2096 2874 sin-

333 2988 358 3032 1
400 2987 563 3032 inhitas
602 2986 762 3033 Paris.
803 2988 843 3032 A
989 2987 1017 3033 2
1059 2983 1333 3050 tardigrada]
1377 2986 1445 3046 cf.
1484 2986 1613 3031 Mur.
1667 2987 1842 3032 Victor.
1877 2999 1928 3043 p.
1959 2982 2093 3030 2468

187 3056 242 3102 Ρ.
363 3058 393 3103 3
434 3058 577 3117 capite
614 3055 742 3103 breui
778 3059 891 3103 libri
927 3073 966 3104 c.
999 3058 1138 3104 breui’
1177 3059 1382 3105 Botlzius
1489 3058 1620 3102 truci.
1654 3057 1818 3116 (erasa
1856 3070 1954 3101 una
1987 3051 2092 3115 litt.)

190 3128 433 3174 Ciceronis
470 3128 596 3173 Leid.
636 3128 683 3174 B
789 3128 821 3173 4
859 3130 1048 3174 inanima
1086 3143 1186 3175 cum
1225 3128 1399 3174 animali
1426 3127 1716 3188 Harlunyus
1752 3127 1957 3183 inanima,
1996 3138 2095 3169 cum

189 3197 364 3243 animali
403 3201 545 3258 uulyo
656 3199 686 3244 5
725 3206 940 3259 septuose
979 3200 1114 3246 dictio
1154 3199 1229 3245 abs
1271 3206 1313 3245 te
1349 3200 1463 3245 libri
1498 3213 1535 3244 3.
1577 3197 1620 3243 (1.
1661 3198 1737 3244 abs
1776 3203 1869 3242 tete
1905 3197 2096 3253 Lipsius

189 3282 225 3313 s.
265 3268 308 3313 d.
350 3267 402 3313 ab
442 3268 526 3314 deo
565 3270 643 3314 uel
680 3283 718 3315 3.
757 3269 798 3314 (1.
839 3270 947 3316 haec
985 3270 1061 3316 ahs
1100 3277 1144 3316 te
1195 3271 1388 3317 Vossius
1532 3269 1561 3315 6
1602 3270 1857 3314 coniectura
1894 3266 2096 3311 Rotlu'us

190 3345 489 3385 consecutura
526 3353 632 3385 mss.
671 3340 910 3394 Merceri,
962 3342 1026 3387 W
1068 3347 1332 3387 consectum
1381 3343 1532 3386 ceteri
1576 3341 1689 3385 libri
1793 3337 1966 3382 contuit
2015 3336 2092 3379 uel

189 3409 388 3454 consulit
440 3410 631 3456 Vossius
668 3410 863 3456 contulit
898 3412 1009 3458 libri
1189 3413 1339 3458 Versu
1379 3411 1407 3456 7
1457 3411 1720 3468 adsumptis
1767 3407 1796 3452 5
1837 3412 1882 3451 et
1921 3405 1950 3452 6
2000 3419 2094 3450 non

190 3493 310 3536 opus
355 3481 546 3526 uidetur
583 3493 688 3526 esse
760 3481 1015 3528 Welclcero
1062 3484 1120 3528 cle
1167 3488 1292 3543 tray.
1333 3482 1415 3527 Gr.
1447 3495 1500 3539 p.
1541 3479 1641 3526 815
1763 3477 1847 3521 nisi
1884 3476 1922 3520 si
1958 3475 2091 3520 Leid.

190 3547 261 3607 B,
299 3550 529 3596 Duuisius
574 3552 658 3596 nisi
707 3555 859 3597 ceteri
1000 3553 1029 3598 9
1068 3552 1238 3598 inluuie
1276 3553 1632 3598 Lz'nclemamzus
1675 3549 1719 3593 in
1757 3546 1897 3592 illiuie
1937 3545 2093 3604 Neap.

191 3618 345 3664 illuuie
384 3622 456 3666 ed.
488 3636 572 3680 pr.
