2299 3803
211 139 315 190 274
600 138 682 179 EX
713 136 994 179 INCERTIS
1026 133 1424 176 INCERTORVM
1457 133 1685 177 FABVLI

1096 263 1240 317 CLII

361 407 369 416 .
434 365 476 416 si
515 364 654 417 forte
713 407 722 416 .
783 407 792 416 .
846 406 855 414 .
913 403 922 412 .
980 358 1247 430 quispiam
1285 361 1534 429 princeps
1576 377 1758 428 senex,

362 460 674 528 Recipiebat
714 459 977 526 sortisque
1019 460 1178 526 atque
1221 454 1517 526 auspicium
1555 455 1833 524 repetebat
1874 453 2047 507 domo.

1077 573 1249 627 CLIII

357 673 423 725 In
463 674 580 724 arce
622 673 850 724 Athenis
892 672 1051 724 statio
1094 689 1212 723 mea
1251 689 1394 723 nune
1438 667 1612 741 [mihi]
1656 670 1847 738 placet.

1089 788 1258 841 CLIV

217 889 326 940 260
366 888 439 940 Vt
481 886 539 938 sn
581 886 825 938 secundis
866 886 1061 954 fluxae,
1101 889 1161 937 ut
1199 886 1256 937 in
1298 883 1537 937 aduersis
1578 884 1751 936 bonae

1093 1002 1234 1056 CLV

1430 1099 1668 1168 plaudite
1681 1100 1691 1150 l

325 1263 448 1305 CLII
488 1263 635 1304 Schol.
671 1263 833 1303 Veron.
875 1261 931 1302 ad
972 1263 1106 1315 Verg.
1150 1262 1262 1302 Aen.
1304 1260 1351 1301 11
1397 1261 1501 1313 178,
1541 1261 1620 1301 ubi
1658 1265 1708 1300 ut
1749 1261 1873 1314 apud
1914 1261 2123 1302 Seruium

212 1325 452 1362 enarratur
491 1333 584 1360 mos
626 1321 854 1359 Romanus
895 1319 932 1358 si
972 1318 1089 1358 male
1130 1318 1240 1358 foris
1279 1322 1535 1370 pugnatum
1584 1321 1708 1358 esset
1754 1330 1875 1358 noua
1915 1319 2124 1371 auspicia

214 1378 343 1418 domo
376 1376 633 1429 repetendi:
668 1379 829 1415 ‘—am
862 1374 1178 1428 proficiscitur,
1212 1374 1315 1414 inde
1349 1375 1538 1414 saucius
1563 1373 1691 1414 nulla
1723 1387 1771 1414 re
1804 1378 1936 1427 gesta
1959 1388 2128 1414 memo-

212 1435 306 1474 riae
347 1432 604 1473 mandanda
643 1433 825 1472 obieeta
869 1431 1109 1484 relligione
1156 1431 1387 1470 numinum
1439 1431 1578 1470 rediit
1617 1453 1670 1458 —
1708 1430 1890 1483 lamque
1938 1431 2126 1484 repetiit

212 1496 390 1530 atr—s
430 1490 475 1530 si
518 1489 665 1528 forte
707 1511 759 1516 —
800 1489 1102 1541 quispiam'
1146 1500 1187 1530 e.
1233 1501 1275 1541 q.
1318 1500 1352 1527 s.
1422 1486 1694 1527 Scaenieam
1735 1488 1896 1539 poesin
1937 1487 2128 1539 agnouit

211 1546 519 1586 Buechelerus
545 1558 648 1588 ann,
673 1544 846 1596 philoll.
873 1545 980 1585 1866
1006 1558 1048 1596 p.
1072 1545 1143 1587 72,
1206 1544 1319 1583 Num
1345 1556 1399 1583 ex
1431 1545 1704 1595 praetexta?
1793 1542 1941 1583 CLIII
1965 1544 2126 1583 Cicero

212 1601 269 1642 ad
309 1603 511 1642 Atticum
551 1601 614 1640 VI
653 1603 677 1641 9
719 1605 831 1640 extr.
906 1601 1077 1640 Dubito
1118 1605 1268 1639 utrum
1314 1600 1584 1652 tragoediae
1632 1613 1690 1639 an
1739 1600 1998 1640 comoediae
2046 1601 2127 1639 tri-

212 1660 361 1699 buam.
509 1657 650 1697 CLIV
682 1655 840 1697 Cicero
875 1656 931 1695 ad
964 1657 1056 1698 Att.
1090 1656 1153 1696 IV
1185 1658 1230 1705 1,
1265 1657 1289 1696 8
1331 1659 1428 1695 ‘ita
1467 1661 1572 1696 sunt
1613 1668 1684 1696 res
1722 1660 1930 1708 nostrae,
1975 1659 2036 1696 ut
2074 1658 2127 1695 in

215 1714 484 1754 secundis
526 1713 743 1764 fluxae,
783 1718 842 1752 ut
874 1714 927 1751 in
965 1713 1225 1752 aduersis
1265 1713 1479 1753 bonae.’
1540 1712 1708 1752 ibidem
1738 1715 1784 1758 2,
1819 1714 1839 1752 1
1875 1712 2129 1764 ‘prioribus

214 1773 299 1811 tibi
330 1771 588 1820 declaraui,
623 1769 850 1809 aduentus
883 1773 1041 1809 noster
1074 1768 1222 1821 qualis
1253 1767 1417 1808 fuisset
1450 1773 1494 1808 et
1527 1769 1625 1821 quis
1658 1772 1780 1808 esset
1809 1772 1958 1810 status
1989 1773 2128 1820 atque

215 1840 368 1868 omnes
407 1840 477 1867 res
510 1830 694 1866 nostrae
729 1839 859 1877 quem
905 1826 960 1865 ad
994 1826 1172 1865 modum
1207 1829 1380 1875 essent,
1421 1829 1478 1864 ut
1516 1825 1571 1864 in
1608 1824 1869 1866 secundis
1912 1826 2126 1875 fluxae,

213 1888 273 1922 ut
311 1884 366 1923 in
407 1883 670 1922 aduersis
708 1883 922 1922 bonae.’
986 1882 1103 1921 idem
1146 1881 1204 1921 ad
1242 1883 1432 1922 Brutum
1464 1883 1485 1922 I
1518 1883 1590 1927 10,
1623 1883 1647 1920 2
1688 1881 1852 1921 ‘huius
1889 1881 2001 1922 belli
2040 1881 2142 1921 for--

217 1946 331 1979 tuna
361 1941 504 1979 utin
536 1938 804 1979 secundis
837 1938 1020 1987 fluxa,
1061 1942 1119 1978 ut
1149 1938 1205 1977 in
1238 1938 1500 1978 aduersis
1531 1940 1703 1979 bona)
1766 1937 1958 1978 Carmen
1989 1950 2129 1990 agno-

218 1995 292 2036 uit
321 1995 631 2036 Buechelerus
662 2007 775 2036 muS.
807 1995 952 2035 Rhen.
985 1994 1049 2033 XI
1080 1996 1161 2034 511
1195 2007 1274 2047 sq.,
1307 1995 1385 2034 ubi
1415 2007 1514 2033 oum
1545 1995 1853 2046 septenarium
1883 1995 2130 2035 iambicum

222 2053 295 2092 his
327 2052 412 2091 ita
444 2057 571 2092 sunt
602 2065 686 2091 res
719 2056 945 2092 nostrae
979 2051 1233 2103 adsumptis
1254 2052 1555 2103 proposuerit,
1588 2063 1710 2090 nunc
1730 2050 1970 2102 intellexit,
2004 2053 2129 2091 certa

219 2108 307 2148 fide
341 2109 484 2148 solum
517 2108 744 2148 senarium
776 2108 864 2147 niti
899 2107 1077 2159 qualem
1110 2120 1248 2160 supra
1279 2107 1481 2147 exhibui.
1522 2107 1650 2147 Haeo
1684 2119 1859 2160 quoque
1882 2109 2037 2148 nescio
2071 2119 2130 2146 an

216 2178 398 2206 soccum
429 2164 574 2217 magis
608 2177 741 2216 quam
777 2164 1045 2204 cothurnum
1071 2163 1277 2204 deceant.
1424 2163 1543 2204 CLV
1575 2163 1890 2213 Quintilianus
1921 2163 1983 2204 VI
2018 2165 2055 2214 1,
2077 2164 2129 2203 52

218 2225 354 2261 ‘tunc
387 2226 455 2261 est
479 2220 851 2261 commouendum
875 2220 1128 2271 theatrum,
1163 2233 1263 2260 eum
1294 2224 1483 2260 uentum
1515 2224 1583 2260 est
1612 2220 1669 2259 ad
1699 2220 1847 2272 ipsum
1877 2219 2009 2268 illud,
2042 2231 2129 2271 quo

218 2283 399 2318 ueteres
440 2277 713 2330 tragoediae
747 2276 1101 2328 comoediaeque
1141 2277 1432 2317 clauduntur:
1468 2276 1762 2330 plaudite.’
1797 2275 1911 2327 (clu
1929 2276 2129 2316 duntur

222 2334 446 2386 plodite
478 2330 582 2373 libri
614 2334 772 2386 optimi
804 2337 987 2386 praeter
1018 2334 1196 2375 Monac.
1228 2331 1436 2386 Argent.)

369 2482 466 2528 257
508 2483 623 2529 Post
662 2484 699 2526 si
747 2482 865 2527 forte
914 2485 989 2528 uel
1029 2496 1153 2527 unus
1191 2495 1283 2541 pes
1330 2484 1511 2528 excidit
1556 2488 1607 2526 ut
1654 2480 1805 2526 aderat
1842 2483 1921 2527 uel
1956 2483 2048 2527 duo
2085 2482 2130 2526 in

225 2554 383 2597 castris
424 2553 575 2597 aderat
743 2551 843 2598 258
883 2552 1150 2612 recipiebat,
1189 2554 1235 2597 lz.
1275 2562 1326 2598 et
1354 2553 1540 2599 redibat
1565 2553 1765 2598 Romam
1902 2553 2129 2611 sortisque

226 2627 364 2669 uncis
401 2625 589 2668 inclusa
618 2624 751 2682 apud
775 2624 980 2669 Kez‘lium
1107 2622 1250 2682 adque
1289 2624 1393 2668 cod.
1540 2622 1638 2668 259
1678 2623 1785 2667 mihi
1824 2623 2007 2668 addidi.-
2041 2637 2126 2681 po-

221 2700 372 2738 teram
414 2696 552 2739 etiam
591 2695 647 2738 mi
688 2707 784 2738 mea
821 2693 915 2752 (uel
953 2707 1049 2738 mea
1088 2693 1162 2752 mi)
1201 2708 1319 2738 nunc
1357 2696 1586 2739 ordinare
1713 2693 1815 2740 260
1851 2694 2128 2751 Ambiyuum

222 2770 293 2808 est
331 2771 487 2810 utrum
526 2763 669 2808 fluxae
708 2799 718 2809 .
753 2800 761 2810 .
811 2763 980 2821 bonae,
1021 2778 1088 2810 sc.
1130 2778 1227 2822 reS,
1268 2779 1330 2809 αη
1367 2763 1481 2809 fluxa
1519 2800 1529 2810 .
1565 2800 1575 2810 .
1610 2800 1619 2810 .
1658 2763 1799 2821 bona,
1838 2777 1904 2810 sc.
1946 2763 2127 2808 fortuna

216 2840 360 2892 poeta
401 2837 596 2880 dixerit.
